<?xml version="1.0" encoding="UTF-8"?>
<!DOCTYPE html PUBLIC "-//W3C//DTD XHTML 1.0 Transitional//EN"
    "http://www.w3.org/TR/xhtml1/DTD/xhtml1-transitional.dtd">
<html xmlns="http://www.w3.org/1999/xhtml" xml:lang="en" lang="en">
 <head>
  <title>
</title>
<meta http-equiv="Content-Type" content="text/html;charset=utf-8" />
  <meta name='ocr-system' content='tesseract 3.04.00' />
  <meta name='ocr-capabilities' content='ocr_page ocr_carea ocr_par ocr_line ocrx_word'/>
</head>
<body>
  <div class='ocr_page' id='page_1' title='image "./p1monumentagerma06geseuoft_0533.png"; bbox 0 0 2147 3046; ppageno 0'>
   <div class='ocr_carea' id='block_1_1' title="bbox 0 2242 7 2966">
    <p class='ocr_par' dir='ltr' id='par_1_1' title="bbox 0 2242 7 2966">
     <span class='ocr_line' id='line_1_1' title="bbox 0 2242 7 2966; baseline 0 0"><span class='ocrx_word' id='word_1_1' title='bbox 0 2242 7 2966; x_wconf 95' lang='lat' dir='ltr'> </span> 
     </span>
    </p>
   </div>
   <div class='ocr_carea' id='block_1_2' title="bbox 795 155 1815 184">
    <p class='ocr_par' dir='ltr' id='par_1_2' title="bbox 795 155 1815 184">
     <span class='ocr_line' id='line_1_2' title="bbox 795 155 1815 184; baseline 0.002 -3"><span class='ocrx_word' id='word_1_2' title='bbox 795 155 1069 182; x_wconf 67' lang='lat' dir='ltr'>:EPISTVLARVM</span> <span class='ocrx_word' id='word_1_3' title='bbox 1089 155 1158 180; x_wconf 85' lang='lat' dir='ltr'>LIB.</span> <span class='ocrx_word' id='word_1_4' title='bbox 1182 155 1227 183; x_wconf 69' lang='lat' dir='ltr'>X&gt;-</span> <span class='ocrx_word' id='word_1_5' title='bbox 1754 157 1815 184; x_wconf 68' lang='grc'>313</span> 
     </span>
    </p>
   </div>
   <div class='ocr_carea' id='block_1_3' title="bbox 205 248 1822 444">
    <p class='ocr_par' dir='ltr' id='par_1_3' title="bbox 205 248 1822 444">
     <span class='ocr_line' id='line_1_3' title="bbox 205 248 1818 292; baseline -0.002 -12"><span class='ocrx_word' id='word_1_6' title='bbox 205 251 353 292; x_wconf 87' lang='lat' dir='ltr'>scriptum</span> <span class='ocrx_word' id='word_1_7' title='bbox 385 260 598 281; x_wconf 65' lang='lat' dir='ltr'>successorem</span> <span class='ocrx_word' id='word_1_8' title='bbox 623 250 673 280; x_wconf 79' lang='lat' dir='ltr'>vel</span> <span class='ocrx_word' id='word_1_9' title='bbox 706 248 881 288; x_wconf 75' lang='lat' dir='ltr'>legitinmm</span> <span class='ocrx_word' id='word_1_10' title='bbox 907 259 967 278; x_wconf 92' lang='lat' dir='ltr'>non</span> <span class='ocrx_word' id='word_1_11' title='bbox 993 249 1139 279; x_wconf 87' lang='lat' dir='ltr'>haberet.</span> <span class='ocrx_word' id='word_1_12' title='bbox 1175 249 1206 279; x_wconf 91' lang='lat' dir='ltr'>in</span> <span class='ocrx_word' id='word_1_13' title='bbox 1238 248 1286 278; x_wconf 89' lang='lat' dir='ltr'>ius</span> <span class='ocrx_word' id='word_1_14' title='bbox 1310 249 1375 279; x_wconf 86' lang='lat' dir='ltr'>tisci</span> <span class='ocrx_word' id='word_1_15' title='bbox 1400 252 1559 287; x_wconf 89' lang='lat' dir='ltr'>tamquam</span> <span class='ocrx_word' id='word_1_16' title='bbox 1585 249 1711 279; x_wconf 88' lang='lat' dir='ltr'>domino</span> <span class='ocrx_word' id='word_1_17' title='bbox 1735 248 1818 278; x_wconf 88' lang='lat' dir='ltr'>nuda</span> 
     </span>
     <span class='ocr_line' id='line_1_4' title="bbox 205 299 1818 340; baseline -0.002 -7"><span class='ocrx_word' id='word_1_18' title='bbox 205 301 407 333; x_wconf 76' lang='lat' dir='ltr'>emicederct:</span> <span class='ocrx_word' id='word_1_19' title='bbox 436 305 511 332; x_wconf 86' lang='lat' dir='ltr'>tunc</span> <span class='ocrx_word' id='word_1_20' title='bbox 527 301 685 332; x_wconf 87' lang='lat' dir='ltr'>insinuato</span> <span class='ocrx_word' id='word_1_21' title='bbox 710 310 765 340; x_wconf 88' lang='lat' dir='ltr'>per</span> <span class='ocrx_word' id='word_1_22' title='bbox 788 300 975 330; x_wconf 71' lang='lat' dir='ltr'>rationalem</span> <span class='ocrx_word' id='word_1_23' title='bbox 1001 299 1179 339; x_wconf 76' lang='lat' dir='ltr'>patrimonii</span> <span class='ocrx_word' id='word_1_24' title='bbox 1203 299 1294 329; x_wconf 89' lang='lat' dir='ltr'>modo</span> <span class='ocrx_word' id='word_1_25' title='bbox 1318 300 1515 339; x_wconf 69' lang='lat' dir='ltr'>opperiretur</span> <span class='ocrx_word' id='word_1_26' title='bbox 1538 300 1661 340; x_wconf 81' lang='lat' dir='ltr'>petitor,</span> <span class='ocrx_word' id='word_1_27' title='bbox 1690 300 1765 339; x_wconf 89' lang='lat' dir='ltr'>quid</span> <span class='ocrx_word' id='word_1_28' title='bbox 1790 300 1818 330; x_wconf 89' lang='lat' dir='ltr'>ei</span> 
     </span>
     <span class='ocr_line' id='line_1_5' title="bbox 205 350 1820 390; baseline -0.003 -6"><span class='ocrx_word' id='word_1_29' title='bbox 205 363 296 384; x_wconf 85' lang='lat' dir='ltr'>sacra</span> <span class='ocrx_word' id='word_1_30' title='bbox 324 353 462 384; x_wconf 89' lang='lat' dir='ltr'>deferret</span> <span class='ocrx_word' id='word_1_31' title='bbox 490 352 682 383; x_wconf 85' lang='lat' dir='ltr'>humanitas.</span> <span class='ocrx_word' id='word_1_32' title='bbox 730 361 832 382; x_wconf 85' lang='lat' dir='ltr'>annus</span> <span class='ocrx_word' id='word_1_33' title='bbox 863 351 928 382; x_wconf 86' lang='lat' dir='ltr'>fere</span> <span class='ocrx_word' id='word_1_34' title='bbox 960 350 1116 381; x_wconf 84' lang='lat' dir='ltr'>secundus</span> <span class='ocrx_word' id='word_1_35' title='bbox 1147 354 1209 381; x_wconf 88' lang='lat' dir='ltr'>est.</span> <span class='ocrx_word' id='word_1_36' title='bbox 1243 354 1276 381; x_wconf 90' lang='lat' dir='ltr'>ut</span> <span class='ocrx_word' id='word_1_37' title='bbox 1305 361 1360 390; x_wconf 88' lang='lat' dir='ltr'>per</span> <span class='ocrx_word' id='word_1_38' title='bbox 1388 350 1571 382; x_wconf 80' lang='lat' dir='ltr'>defensores</span> <span class='ocrx_word' id='word_1_39' title='bbox 1595 355 1626 382; x_wconf 88' lang='lat' dir='ltr'>et</span> <span class='ocrx_word' id='word_1_40' title='bbox 1650 351 1820 381; x_wconf 81' lang='lat' dir='ltr'>rationales</span> 
     </span>
     <span class='ocr_line' id='line_1_6' title="bbox 205 402 1822 444; baseline -0.002 -9"><span class='ocrx_word' id='word_1_41' title='bbox 205 404 450 444; x_wconf 80' lang='lat' dir='ltr'>augustissimae</span> <span class='ocrx_word' id='word_1_42' title='bbox 475 404 586 434; x_wconf 89' lang='lat' dir='ltr'>domus</span> <span class='ocrx_word' id='word_1_43' title='bbox 610 406 718 434; x_wconf 88' lang='lat' dir='ltr'>contra</span> <span class='ocrx_word' id='word_1_44' title='bbox 741 402 892 433; x_wconf 89' lang='lat' dir='ltr'>iustitiam</span> <span class='ocrx_word' id='word_1_45' title='bbox 918 402 1081 433; x_wconf 84' lang='lat' dir='ltr'>sollemnis</span> <span class='ocrx_word' id='word_1_46' title='bbox 1105 402 1223 433; x_wconf 84' lang='lat' dir='ltr'>oraculi</span> <span class='ocrx_word' id='word_1_47' title='bbox 1250 402 1357 442; x_wconf 88' lang='lat' dir='ltr'>scripti</span> <span class='ocrx_word' id='word_1_48' title='bbox 1374 403 1548 441; x_wconf 83' lang='lat' dir='ltr'>fatigantur</span> <span class='ocrx_word' id='word_1_49' title='bbox 1564 403 1708 433; x_wconf 85' lang='lat' dir='ltr'>heredes.</span> <span class='ocrx_word' id='word_1_50' title='bbox 1750 403 1822 433; x_wconf 87' lang='lat' dir='ltr'>licet</span> 
     </span>
    </p>
   </div>
   <div class='ocr_carea' id='block_1_4' title="bbox 174 453 1822 489">
    <p class='ocr_par' dir='ltr' id='par_1_4' title="bbox 174 453 1822 489">
     <span class='ocr_line' id='line_1_7' title="bbox 174 453 1822 489; baseline -0.001 -3"><span class='ocrx_word' id='word_1_51' title='bbox 174 467 185 483; x_wconf 79' lang='lat'>:›</span> <span class='ocrx_word' id='word_1_52' title='bbox 205 455 267 486; x_wconf 89' lang='lat' dir='ltr'>iam</span> <span class='ocrx_word' id='word_1_53' title='bbox 298 459 406 487; x_wconf 87' lang='lat' dir='ltr'>sextus</span> <span class='ocrx_word' id='word_1_54' title='bbox 437 464 540 486; x_wconf 89' lang='lat' dir='ltr'>annus</span> <span class='ocrx_word' id='word_1_55' title='bbox 568 465 587 485; x_wconf 89' lang='lat' dir='ltr'>a</span> <span class='ocrx_word' id='word_1_56' title='bbox 618 454 797 485; x_wconf 71' lang='lat' dir='ltr'>testamenti</span> <span class='ocrx_word' id='word_1_57' title='bbox 828 453 1013 484; x_wconf 66' lang='lat' dir='ltr'>recitatione</span> <span class='ocrx_word' id='word_1_58' title='bbox 1041 457 1237 489; x_wconf 69' lang='lat' dir='ltr'>numeretur.</span> <span class='ocrx_word' id='word_1_59' title='bbox 1274 454 1445 484; x_wconf 84' lang='lat' dir='ltr'>novissime</span> <span class='ocrx_word' id='word_1_60' title='bbox 1478 454 1602 484; x_wconf 88' lang='lat' dir='ltr'>fortuna</span> <span class='ocrx_word' id='word_1_61' title='bbox 1634 464 1750 484; x_wconf 87' lang='lat' dir='ltr'>causae</span> <span class='ocrx_word' id='word_1_62' title='bbox 1774 454 1822 484; x_wconf 88' lang='lat' dir='ltr'>in-</span> 
     </span>
    </p>
   </div>
   <div class='ocr_carea' id='block_1_5' title="bbox 159 722 184 739">
    <p class='ocr_par' dir='ltr' id='par_1_5' title="bbox 159 722 184 739">
     <span class='ocr_line' id='line_1_8' title="bbox 159 722 184 739; baseline -0.04 0"><span class='ocrx_word' id='word_1_63' title='bbox 159 722 184 739; x_wconf 90' lang='grc' dir='ltr'>1(Ι</span> 
     </span>
    </p>
   </div>
   <div class='ocr_carea' id='block_1_6' title="bbox 159 1233 187 1251">
    <p class='ocr_par' dir='ltr' id='par_1_6' title="bbox 159 1233 187 1251">
     <span class='ocr_line' id='line_1_9' title="bbox 159 1233 187 1251; baseline -0.036 0"><span class='ocrx_word' id='word_1_64' title='bbox 159 1233 187 1251; x_wconf 73' lang='lat'>20</span> 
     </span>
    </p>
   </div>
   <div class='ocr_carea' id='block_1_7' title="bbox 164 1750 192 1765">
    <p class='ocr_par' dir='ltr' id='par_1_7' title="bbox 164 1750 192 1765">
     <span class='ocr_line' id='line_1_10' title="bbox 164 1750 192 1765; baseline 0 0"><span class='ocrx_word' id='word_1_65' title='bbox 164 1750 192 1765; x_wconf 57' lang='grc' dir='ltr'>«Η,</span> 
     </span>
    </p>
   </div>
   <div class='ocr_carea' id='block_1_8' title="bbox 166 2261 194 2278">
    <p class='ocr_par' dir='ltr' id='par_1_8' title="bbox 166 2261 194 2278">
     <span class='ocr_line' id='line_1_11' title="bbox 166 2261 194 2278; baseline -0.036 0"><span class='ocrx_word' id='word_1_66' title='bbox 166 2261 174 2278; x_wconf 72' lang='lat'>4</span> <span class='ocrx_word' id='word_1_67' title='bbox 184 2264 194 2277; x_wconf 88' lang='lat' dir='ltr'>o</span> 
     </span>
    </p>
   </div>
   <div class='ocr_carea' id='block_1_9' title="bbox 206 504 1822 596">
    <p class='ocr_par' dir='ltr' id='par_1_9' title="bbox 206 504 1822 596">
     <span class='ocr_line' id='line_1_12' title="bbox 208 504 1822 547; baseline -0.002 -10"><span class='ocrx_word' id='word_1_68' title='bbox 208 507 370 547; x_wconf 87' lang='lat' dir='ltr'>petibilem</span> <span class='ocrx_word' id='word_1_69' title='bbox 403 506 565 547; x_wconf 83' lang='lat' dir='ltr'>scopulum</span> <span class='ocrx_word' id='word_1_70' title='bbox 594 505 707 536; x_wconf 86' lang='lat' dir='ltr'>foedae</span> <span class='ocrx_word' id='word_1_71' title='bbox 732 504 921 544; x_wconf 80' lang='lat' dir='ltr'>cognitionis</span> <span class='ocrx_word' id='word_1_72' title='bbox 945 504 1084 535; x_wconf 80' lang='lat' dir='ltr'>incurrit.</span> <span class='ocrx_word' id='word_1_73' title='bbox 1133 515 1205 535; x_wconf 89' lang='lat' dir='ltr'>nam</span> <span class='ocrx_word' id='word_1_74' title='bbox 1229 514 1299 535; x_wconf 89' lang='lat' dir='ltr'>cum</span> <span class='ocrx_word' id='word_1_75' title='bbox 1325 505 1409 545; x_wconf 90' lang='lat' dir='ltr'>apud</span> <span class='ocrx_word' id='word_1_76' title='bbox 1434 505 1533 535; x_wconf 80' lang='lat' dir='ltr'>virum</span> <span class='ocrx_word' id='word_1_77' title='bbox 1559 505 1822 545; x_wconf 71' lang='lat' dir='ltr'>pertectissinnnn</span> 
     </span>
     <span class='ocr_line' id='line_1_13' title="bbox 206 555 1822 596; baseline -0.003 -7"><span class='ocrx_word' id='word_1_78' title='bbox 206 558 393 588; x_wconf 79' lang='lat' dir='ltr'>rationalem</span> <span class='ocrx_word' id='word_1_79' title='bbox 418 557 606 588; x_wconf 74' lang='lat' dir='ltr'>Bassianum</span> <span class='ocrx_word' id='word_1_80' title='bbox 638 556 738 596; x_wconf 89' lang='lat' dir='ltr'>primo</span> <span class='ocrx_word' id='word_1_81' title='bbox 771 556 892 586; x_wconf 88' lang='lat' dir='ltr'>delator</span> <span class='ocrx_word' id='word_1_82' title='bbox 916 556 1066 586; x_wconf 88' lang='lat' dir='ltr'>bonorum</span> <span class='ocrx_word' id='word_1_83' title='bbox 1092 555 1266 586; x_wconf 86' lang='lat' dir='ltr'>seeundum</span> <span class='ocrx_word' id='word_1_84' title='bbox 1291 565 1381 586; x_wconf 87' lang='lat' dir='ltr'>sacra</span> <span class='ocrx_word' id='word_1_85' title='bbox 1405 556 1484 586; x_wconf 83' lang='lat' dir='ltr'>scita</span> <span class='ocrx_word' id='word_1_86' title='bbox 1507 558 1708 596; x_wconf 69' lang='lat' dir='ltr'>proderetur,</span> <span class='ocrx_word' id='word_1_87' title='bbox 1742 567 1822 586; x_wconf 89' lang='lat' dir='ltr'>novo</span> 
     </span>
    </p>
   </div>
   <div class='ocr_carea' id='block_1_10' title="bbox 204 606 1853 648">
    <p class='ocr_par' dir='ltr' id='par_1_10' title="bbox 204 606 1853 648">
     <span class='ocr_line' id='line_1_14' title="bbox 204 606 1853 648; baseline -0.002 -9"><span class='ocrx_word' id='word_1_88' title='bbox 204 619 284 640; x_wconf 86' lang='lat' dir='ltr'>ausu</span> <span class='ocrx_word' id='word_1_89' title='bbox 323 609 445 640; x_wconf 85' lang='lat' dir='ltr'>calcata</span> <span class='ocrx_word' id='word_1_90' title='bbox 484 607 690 648; x_wconf 60' lang='lat' dir='ltr'>luaescriptio</span> <span class='ocrx_word' id='word_1_91' title='bbox 723 611 780 638; x_wconf 88' lang='lat' dir='ltr'>est.</span> <span class='ocrx_word' id='word_1_92' title='bbox 830 606 946 637; x_wconf 89' lang='lat' dir='ltr'>dehinc</span> <span class='ocrx_word' id='word_1_93' title='bbox 975 616 1045 637; x_wconf 85' lang='lat' dir='ltr'>cum</span> <span class='ocrx_word' id='word_1_94' title='bbox 1077 606 1259 638; x_wconf 79' lang='lat' dir='ltr'>testamenti</span> <span class='ocrx_word' id='word_1_95' title='bbox 1290 607 1358 637; x_wconf 88' lang='lat' dir='ltr'>iure</span> <span class='ocrx_word' id='word_1_96' title='bbox 1389 607 1522 637; x_wconf 86' lang='lat' dir='ltr'>confecti</span> <span class='ocrx_word' id='word_1_97' title='bbox 1556 607 1648 638; x_wconf 86' lang='lat' dir='ltr'>tidem</span> <span class='ocrx_word' id='word_1_98' title='bbox 1680 607 1822 638; x_wconf 70' lang='lat' dir='ltr'>recitatio</span> <span class='ocrx_word' id='word_1_99' title='bbox 1847 611 1853 634; x_wconf 76' lang='grc' dir='ltr'>ἰ</span> 
     </span>
    </p>
   </div>
   <div class='ocr_carea' id='block_1_11' title="bbox 206 657 1826 954">
    <p class='ocr_par' dir='ltr' id='par_1_11' title="bbox 206 657 1826 954">
     <span class='ocr_line' id='line_1_15' title="bbox 208 657 1822 700; baseline -0.001 -11"><span class='ocrx_word' id='word_1_100' title='bbox 208 660 401 700; x_wconf 72' lang='lat' dir='ltr'>publicaret,</span> <span class='ocrx_word' id='word_1_101' title='bbox 433 659 593 690; x_wconf 86' lang='lat' dir='ltr'>calumnia</span> <span class='ocrx_word' id='word_1_102' title='bbox 616 658 720 689; x_wconf 69' lang='lat' dir='ltr'>inanis</span> <span class='ocrx_word' id='word_1_103' title='bbox 745 658 868 689; x_wconf 85' lang='lat' dir='ltr'>obieeta</span> <span class='ocrx_word' id='word_1_104' title='bbox 892 661 956 691; x_wconf 80' lang='lat' dir='ltr'>est.</span> <span class='ocrx_word' id='word_1_105' title='bbox 985 657 1069 697; x_wconf 89' lang='lat' dir='ltr'>quod</span> <span class='ocrx_word' id='word_1_106' title='bbox 1093 658 1270 697; x_wconf 70' lang='lat' dir='ltr'>signatores</span> <span class='ocrx_word' id='word_1_107' title='bbox 1294 659 1401 689; x_wconf 84' lang='lat' dir='ltr'>nescio</span> <span class='ocrx_word' id='word_1_108' title='bbox 1425 659 1501 697; x_wconf 90' lang='lat' dir='ltr'>quid</span> <span class='ocrx_word' id='word_1_109' title='bbox 1526 659 1621 698; x_wconf 79' lang='lat' dir='ltr'>legati</span> <span class='ocrx_word' id='word_1_110' title='bbox 1648 669 1686 689; x_wconf 86' lang='lat' dir='ltr'>ex</span> <span class='ocrx_word' id='word_1_111' title='bbox 1711 658 1822 689; x_wconf 90' lang='lat' dir='ltr'>eadem</span> 
     </span>
     <span class='ocr_line' id='line_1_16' title="bbox 206 709 1823 751; baseline -0.001 -9"><span class='ocrx_word' id='word_1_112' title='bbox 206 712 368 742; x_wconf 86' lang='lat' dir='ltr'>voluntate</span> <span class='ocrx_word' id='word_1_113' title='bbox 401 711 569 751; x_wconf 84' lang='lat' dir='ltr'>cepissent.</span> <span class='ocrx_word' id='word_1_114' title='bbox 618 709 778 740; x_wconf 85' lang='lat' dir='ltr'>adduntur</span> <span class='ocrx_word' id='word_1_115' title='bbox 809 710 904 740; x_wconf 87' lang='lat' dir='ltr'>etiam</span> <span class='ocrx_word' id='word_1_116' title='bbox 937 709 1089 749; x_wconf 85' lang='lat' dir='ltr'>rescripta</span> <span class='ocrx_word' id='word_1_117' title='bbox 1113 709 1249 747; x_wconf 71' lang='lat' dir='ltr'>divalia,</span> <span class='ocrx_word' id='word_1_118' title='bbox 1286 710 1399 749; x_wconf 87' lang='lat' dir='ltr'>quibus</span> <span class='ocrx_word' id='word_1_119' title='bbox 1430 709 1636 750; x_wconf 79' lang='lat' dir='ltr'>adstipulatio</span> <span class='ocrx_word' id='word_1_120' title='bbox 1660 710 1823 740; x_wconf 86' lang='lat' dir='ltr'>cuiusdam</span> 
     </span>
     <span class='ocr_line' id='line_1_17' title="bbox 208 760 1826 802; baseline -0.002 -8"><span class='ocrx_word' id='word_1_121' title='bbox 208 766 327 794; x_wconf 83' lang='lat' dir='ltr'>remota</span> <span class='ocrx_word' id='word_1_122' title='bbox 360 766 423 801; x_wconf 74' lang='lat' dir='ltr'>est,</span> <span class='ocrx_word' id='word_1_123' title='bbox 460 762 511 802; x_wconf 91' lang='lat' dir='ltr'>qui</span> <span class='ocrx_word' id='word_1_124' title='bbox 541 771 630 792; x_wconf 84' lang='lat' dir='ltr'>suam</span> <span class='ocrx_word' id='word_1_125' title='bbox 660 761 780 791; x_wconf 80' lang='lat' dir='ltr'>iuvisse</span> <span class='ocrx_word' id='word_1_126' title='bbox 811 771 940 792; x_wconf 83' lang='lat' dir='ltr'>causam</span> <span class='ocrx_word' id='word_1_127' title='bbox 972 760 1153 791; x_wconf 85' lang='lat' dir='ltr'>testimonio</span> <span class='ocrx_word' id='word_1_128' title='bbox 1184 760 1357 799; x_wconf 65' lang='lat' dir='ltr'>(liceretur,</span> <span class='ocrx_word' id='word_1_129' title='bbox 1393 761 1484 800; x_wconf 82' lang='lat' dir='ltr'>quasi</span> <span class='ocrx_word' id='word_1_130' title='bbox 1516 771 1589 791; x_wconf 87' lang='lat' dir='ltr'>vero</span> <span class='ocrx_word' id='word_1_131' title='bbox 1614 761 1716 791; x_wconf 91' lang='lat' dir='ltr'>simile</span> <span class='ocrx_word' id='word_1_132' title='bbox 1741 764 1826 791; x_wconf 74' lang='lat' dir='ltr'>esset</span> 
     </span>
     <span class='ocr_line' id='line_1_18' title="bbox 207 812 1821 854; baseline -0.001 -10"><span class='ocrx_word' id='word_1_133' title='bbox 207 814 387 854; x_wconf 86' lang='lat' dir='ltr'>exemplum</span> <span class='ocrx_word' id='word_1_134' title='bbox 418 817 473 844; x_wconf 87' lang='lat' dir='ltr'>aut</span> <span class='ocrx_word' id='word_1_135' title='bbox 502 812 606 844; x_wconf 88' lang='lat' dir='ltr'>tenuis</span> <span class='ocrx_word' id='word_1_136' title='bbox 639 812 753 849; x_wconf 76' lang='lat' dir='ltr'>honor7</span> <span class='ocrx_word' id='word_1_137' title='bbox 788 822 849 851; x_wconf 87' lang='lat' dir='ltr'>quo</span> <span class='ocrx_word' id='word_1_138' title='bbox 882 812 1109 852; x_wconf 88' lang='lat' dir='ltr'>subscriptores</span> <span class='ocrx_word' id='word_1_139' title='bbox 1140 812 1178 842; x_wconf 86' lang='lat' dir='ltr'>ob</span> <span class='ocrx_word' id='word_1_140' title='bbox 1210 812 1381 842; x_wconf 87' lang='lat' dir='ltr'>amicitiam</span> <span class='ocrx_word' id='word_1_141' title='bbox 1413 812 1581 843; x_wconf 88' lang='lat' dir='ltr'>defunctus</span> <span class='ocrx_word' id='word_1_142' title='bbox 1610 812 1821 852; x_wconf 87' lang='lat' dir='ltr'>adsperserat.</span> 
     </span>
     <span class='ocr_line' id='line_1_19' title="bbox 206 863 1825 904; baseline -0.002 -8"><span class='ocrx_word' id='word_1_143' title='bbox 206 865 383 904; x_wconf 85' lang='lat' dir='ltr'>legitimum</span> <span class='ocrx_word' id='word_1_144' title='bbox 415 868 524 904; x_wconf 82' lang='lat' dir='ltr'>posset</span> <span class='ocrx_word' id='word_1_145' title='bbox 552 864 679 894; x_wconf 86' lang='lat' dir='ltr'>abolere</span> <span class='ocrx_word' id='word_1_146' title='bbox 711 863 873 894; x_wconf 87' lang='lat' dir='ltr'>iudicium.</span> <span class='ocrx_word' id='word_1_147' title='bbox 922 874 994 893; x_wconf 87' lang='lat' dir='ltr'>nam</span> <span class='ocrx_word' id='word_1_148' title='bbox 1026 863 1051 893; x_wconf 90' lang='lat' dir='ltr'>si</span> <span class='ocrx_word' id='word_1_149' title='bbox 1082 863 1132 893; x_wconf 89' lang='lat' dir='ltr'>his</span> <span class='ocrx_word' id='word_1_150' title='bbox 1163 863 1289 902; x_wconf 79' lang='lat' dir='ltr'>legibus</span> <span class='ocrx_word' id='word_1_151' title='bbox 1320 863 1515 894; x_wconf 77' lang='lat' dir='ltr'>viveremus.</span> <span class='ocrx_word' id='word_1_152' title='bbox 1550 863 1686 893; x_wconf 85' lang='lat' dir='ltr'>inimicis</span> <span class='ocrx_word' id='word_1_153' title='bbox 1718 863 1825 902; x_wconf 80' lang='lat' dir='ltr'>signa—</span> 
     </span>
     <span class='ocr_line' id='line_1_20' title="bbox 207 913 1826 954; baseline -0.001 -8"><span class='ocrx_word' id='word_1_154' title='bbox 207 916 325 946; x_wconf 87' lang='lat' dir='ltr'>toribus</span> <span class='ocrx_word' id='word_1_155' title='bbox 349 915 447 946; x_wconf 85' lang='lat' dir='ltr'>tutius</span> <span class='ocrx_word' id='word_1_156' title='bbox 472 919 639 946; x_wconf 85' lang='lat' dir='ltr'>uteremur.</span> <span class='ocrx_word' id='word_1_157' title='bbox 669 924 799 953; x_wconf 90' lang='lat' dir='ltr'>quorum</span> <span class='ocrx_word' id='word_1_158' title='bbox 824 914 946 945; x_wconf 79' lang='lat' dir='ltr'>offensa</span> <span class='ocrx_word' id='word_1_159' title='bbox 970 914 1047 944; x_wconf 89' lang='lat' dir='ltr'>nihil</span> <span class='ocrx_word' id='word_1_160' title='bbox 1074 913 1113 944; x_wconf 87' lang='lat' dir='ltr'>de</span> <span class='ocrx_word' id='word_1_161' title='bbox 1137 917 1288 945; x_wconf 87' lang='lat' dir='ltr'>testatore</span> <span class='ocrx_word' id='word_1_162' title='bbox 1313 914 1519 945; x_wconf 89' lang='lat' dir='ltr'>humanitatis</span> <span class='ocrx_word' id='word_1_163' title='bbox 1544 915 1697 954; x_wconf 81' lang='lat' dir='ltr'>exigeret.</span> <span class='ocrx_word' id='word_1_164' title='bbox 1739 914 1826 954; x_wconf 77' lang='lat' dir='ltr'>piget</span> 
     </span>
    </p>
   </div>
   <div class='ocr_carea' id='block_1_12' title="bbox 176 965 1825 1006">
    <p class='ocr_par' dir='ltr' id='par_1_12' title="bbox 176 965 1825 1006">
     <span class='ocr_line' id='line_1_21' title="bbox 176 965 1825 1006; baseline -0.001 -10"><span class='ocrx_word' id='word_1_165' title='bbox 176 979 187 995; x_wconf 70' lang='lat' dir='ltr'>r.</span> <span class='ocrx_word' id='word_1_166' title='bbox 208 967 313 998; x_wconf 89' lang='lat' dir='ltr'>dicere</span> <span class='ocrx_word' id='word_1_167' title='bbox 329 967 361 997; x_wconf 94' lang='lat' dir='ltr'>in</span> <span class='ocrx_word' id='word_1_168' title='bbox 378 967 517 1006; x_wconf 87' lang='lat' dir='ltr'>quinque</span> <span class='ocrx_word' id='word_1_169' title='bbox 534 976 663 996; x_wconf 87' lang='lat' dir='ltr'>numero</span> <span class='ocrx_word' id='word_1_170' title='bbox 688 965 799 996; x_wconf 82' lang='lat' dir='ltr'>solidis</span> <span class='ocrx_word' id='word_1_171' title='bbox 825 965 1021 1006; x_wconf 87' lang='lat' dir='ltr'>potissimum</span> <span class='ocrx_word' id='word_1_172' title='bbox 1049 965 1270 1005; x_wconf 63' lang='lat' dir='ltr'>subscriptmis</span> <span class='ocrx_word' id='word_1_173' title='bbox 1295 965 1393 996; x_wconf 87' lang='lat' dir='ltr'>fuisse</span> <span class='ocrx_word' id='word_1_174' title='bbox 1418 966 1575 1003; x_wconf 75' lang='lat' dir='ltr'>legatum:</span> <span class='ocrx_word' id='word_1_175' title='bbox 1604 965 1717 996; x_wconf 88' lang='lat' dir='ltr'>ceteris</span> <span class='ocrx_word' id='word_1_176' title='bbox 1742 965 1825 996; x_wconf 91' lang='lat' dir='ltr'>enim</span> 
     </span>
    </p>
   </div>
   <div class='ocr_carea' id='block_1_13' title="bbox 207 1016 1828 1262">
    <p class='ocr_par' dir='ltr' id='par_1_13' title="bbox 207 1016 1828 1262">
     <span class='ocr_line' id='line_1_22' title="bbox 207 1016 1826 1058; baseline -0.002 -9"><span class='ocrx_word' id='word_1_177' title='bbox 207 1019 310 1058; x_wconf 87' lang='lat' dir='ltr'>magis</span> <span class='ocrx_word' id='word_1_178' title='bbox 342 1017 599 1049; x_wconf 79' lang='lat' dir='ltr'>c0111111e111‹1›1·atio</span> <span class='ocrx_word' id='word_1_179' title='bbox 630 1017 762 1047; x_wconf 90' lang='lat' dir='ltr'>honesta</span> <span class='ocrx_word' id='word_1_180' title='bbox 794 1027 886 1056; x_wconf 88' lang='lat' dir='ltr'>quam</span> <span class='ocrx_word' id='word_1_181' title='bbox 921 1016 1074 1057; x_wconf 87' lang='lat' dir='ltr'>pecuniae.</span> <span class='ocrx_word' id='word_1_182' title='bbox 1106 1020 1257 1056; x_wconf 78' lang='lat' dir='ltr'>quaestus</span> <span class='ocrx_word' id='word_1_183' title='bbox 1285 1017 1429 1047; x_wconf 83' lang='lat' dir='ltr'>accessit.</span> <span class='ocrx_word' id='word_1_184' title='bbox 1478 1027 1552 1055; x_wconf 79' lang='lat' dir='ltr'>ergo</span> <span class='ocrx_word' id='word_1_185' title='bbox 1582 1020 1636 1047; x_wconf 88' lang='lat' dir='ltr'>aut</span> <span class='ocrx_word' id='word_1_186' title='bbox 1667 1020 1826 1047; x_wconf 80' lang='lat' dir='ltr'>extremae</span> 
     </span>
     <span class='ocr_line' id='line_1_23' title="bbox 208 1067 1822 1111; baseline -0.002 -10"><span class='ocrx_word' id='word_1_187' title='bbox 208 1070 406 1111; x_wconf 85' lang='lat' dir='ltr'>paupertatis</span> <span class='ocrx_word' id='word_1_188' title='bbox 431 1069 590 1100; x_wconf 77' lang='lat' dir='ltr'>successio</span> <span class='ocrx_word' id='word_1_189' title='bbox 615 1068 687 1101; x_wconf 80' lang='lat' dir='ltr'>suit,</span> <span class='ocrx_word' id='word_1_190' title='bbox 722 1068 748 1099; x_wconf 85' lang='lat' dir='ltr'>si</span> <span class='ocrx_word' id='word_1_191' title='bbox 777 1071 905 1108; x_wconf 89' lang='lat' dir='ltr'>putatur</span> <span class='ocrx_word' id='word_1_192' title='bbox 935 1068 1070 1107; x_wconf 76' lang='lat' dir='ltr'>exiguus</span> <span class='ocrx_word' id='word_1_193' title='bbox 1102 1068 1200 1099; x_wconf 87' lang='lat' dir='ltr'>honor</span> <span class='ocrx_word' id='word_1_194' title='bbox 1232 1068 1325 1098; x_wconf 86' lang='lat' dir='ltr'>tidem</span> <span class='ocrx_word' id='word_1_195' title='bbox 1358 1068 1491 1107; x_wconf 83' lang='lat' dir='ltr'>legitimi</span> <span class='ocrx_word' id='word_1_196' title='bbox 1516 1067 1625 1098; x_wconf 90' lang='lat' dir='ltr'>iudicii</span> <span class='ocrx_word' id='word_1_197' title='bbox 1650 1068 1822 1105; x_wconf 71' lang='lat' dir='ltr'>sauciasse7</span> 
     </span>
     <span class='ocr_line' id='line_1_24' title="bbox 208 1119 1825 1159; baseline -0.002 -7"><span class='ocrx_word' id='word_1_198' title='bbox 208 1125 263 1152; x_wconf 90' lang='lat' dir='ltr'>aut</span> <span class='ocrx_word' id='word_1_199' title='bbox 278 1122 304 1152; x_wconf 88' lang='lat' dir='ltr'>si</span> <span class='ocrx_word' id='word_1_200' title='bbox 322 1131 435 1152; x_wconf 85' lang='lat' dir='ltr'>census</span> <span class='ocrx_word' id='word_1_201' title='bbox 452 1120 664 1151; x_wconf 87' lang='lat' dir='ltr'>hereditarius</span> <span class='ocrx_word' id='word_1_202' title='bbox 690 1119 889 1150; x_wconf 82' lang='lat' dir='ltr'>existimatur</span> <span class='ocrx_word' id='word_1_203' title='bbox 913 1119 1046 1150; x_wconf 88' lang='lat' dir='ltr'>uberior.</span> <span class='ocrx_word' id='word_1_204' title='bbox 1074 1119 1181 1150; x_wconf 87' lang='lat' dir='ltr'>aliena</span> <span class='ocrx_word' id='word_1_205' title='bbox 1204 1123 1252 1150; x_wconf 87' lang='lat' dir='ltr'>est</span> <span class='ocrx_word' id='word_1_206' title='bbox 1275 1130 1294 1150; x_wconf 84' lang='lat' dir='ltr'>a</span> <span class='ocrx_word' id='word_1_207' title='bbox 1318 1119 1550 1159; x_wconf 77' lang='lat' dir='ltr'>suspicionibus</span> <span class='ocrx_word' id='word_1_208' title='bbox 1575 1119 1681 1149; x_wconf 87' lang='lat' dir='ltr'>brevis</span> <span class='ocrx_word' id='word_1_209' title='bbox 1705 1128 1825 1149; x_wconf 82' lang='lat' dir='ltr'>summa</span> 
     </span>
     <span class='ocr_line' id='line_1_25' title="bbox 211 1169 1828 1213; baseline -0.002 -10"><span class='ocrx_word' id='word_1_210' title='bbox 211 1173 319 1213; x_wconf 83' lang='lat' dir='ltr'>legati.</span> <span class='ocrx_word' id='word_1_211' title='bbox 369 1172 439 1211; x_wconf 89' lang='lat' dir='ltr'>quis</span> <span class='ocrx_word' id='word_1_212' title='bbox 470 1181 532 1202; x_wconf 87' lang='lat' dir='ltr'>non</span> <span class='ocrx_word' id='word_1_213' title='bbox 564 1170 849 1201; x_wconf 81' lang='lat' dir='ltr'>familiarissimum</span> <span class='ocrx_word' id='word_1_214' title='bbox 874 1180 1031 1209; x_wconf 80' lang='lat' dir='ltr'>quemque</span> <span class='ocrx_word' id='word_1_215' title='bbox 1056 1170 1222 1210; x_wconf 70' lang='lat' dir='ltr'>signandis</span> <span class='ocrx_word' id='word_1_216' title='bbox 1246 1169 1393 1208; x_wconf 64' lang='lat' dir='ltr'>adhibet.</span> <span class='ocrx_word' id='word_1_217' title='bbox 1429 1180 1498 1200; x_wconf 89' lang='lat' dir='ltr'>cum</span> <span class='ocrx_word' id='word_1_218' title='bbox 1524 1174 1665 1201; x_wconf 87' lang='lat' dir='ltr'>extrema</span> <span class='ocrx_word' id='word_1_219' title='bbox 1689 1169 1828 1200; x_wconf 91' lang='lat' dir='ltr'>condun-</span> 
     </span>
     <span class='ocr_line' id='line_1_26' title="bbox 208 1221 1828 1262; baseline -0.002 -7"><span class='ocrx_word' id='word_1_220' title='bbox 208 1228 279 1255; x_wconf 68' lang='lat' dir='ltr'>tur?</span> <span class='ocrx_word' id='word_1_221' title='bbox 324 1224 385 1254; x_wconf 87' lang='lat' dir='ltr'>iam</span> <span class='ocrx_word' id='word_1_222' title='bbox 418 1223 494 1262; x_wconf 88' lang='lat' dir='ltr'>quid</span> <span class='ocrx_word' id='word_1_223' title='bbox 518 1222 629 1253; x_wconf 88' lang='lat' dir='ltr'>mirum</span> <span class='ocrx_word' id='word_1_224' title='bbox 655 1225 719 1257; x_wconf 77' lang='lat' dir='ltr'>est,</span> <span class='ocrx_word' id='word_1_225' title='bbox 756 1222 781 1252; x_wconf 88' lang='lat' dir='ltr'>si</span> <span class='ocrx_word' id='word_1_226' title='bbox 812 1222 842 1252; x_wconf 91' lang='lat' dir='ltr'>in</span> <span class='ocrx_word' id='word_1_227' title='bbox 876 1222 975 1252; x_wconf 85' lang='lat' dir='ltr'>oculis</span> <span class='ocrx_word' id='word_1_228' title='bbox 1006 1222 1127 1262; x_wconf 85' lang='lat' dir='ltr'>positus</span> <span class='ocrx_word' id='word_1_229' title='bbox 1159 1221 1469 1260; x_wconf 74' lang='lat' dir='ltr'>11101·eat111·aliquod</span> <span class='ocrx_word' id='word_1_230' title='bbox 1493 1224 1727 1252; x_wconf 85' lang='lat' dir='ltr'>monumentum</span> <span class='ocrx_word' id='word_1_231' title='bbox 1753 1221 1828 1251; x_wconf 85' lang='lat' dir='ltr'>reli-</span> 
     </span>
    </p>
   </div>
   <div class='ocr_carea' id='block_1_14' title="bbox 209 1272 1864 1315">
    <p class='ocr_par' dir='ltr' id='par_1_14' title="bbox 209 1272 1864 1315">
     <span class='ocr_line' id='line_1_27' title="bbox 209 1272 1864 1315; baseline -0.002 -10"><span class='ocrx_word' id='word_1_232' title='bbox 209 1275 321 1315; x_wconf 82' lang='lat' dir='ltr'>gionis7</span> <span class='ocrx_word' id='word_1_233' title='bbox 350 1275 403 1314; x_wconf 87' lang='lat' dir='ltr'>qui</span> <span class='ocrx_word' id='word_1_234' title='bbox 427 1273 541 1305; x_wconf 84' lang='lat' dir='ltr'>meruit</span> <span class='ocrx_word' id='word_1_235' title='bbox 563 1273 714 1304; x_wconf 83' lang='lat' dir='ltr'>advocari</span> <span class='ocrx_word' id='word_1_236' title='bbox 727 1277 737 1302; x_wconf 71' lang='grc' dir='ltr'>ἱ)</span> <span class='ocrx_word' id='word_1_237' title='bbox 775 1283 836 1303; x_wconf 93' lang='lat' dir='ltr'>non</span> <span class='ocrx_word' id='word_1_238' title='bbox 862 1273 928 1303; x_wconf 84' lang='lat' dir='ltr'>fero</span> <span class='ocrx_word' id='word_1_239' title='bbox 953 1273 1157 1313; x_wconf 63' lang='lat' dir='ltr'>signatorffln,</span> <span class='ocrx_word' id='word_1_240' title='bbox 1186 1273 1237 1303; x_wconf 93' lang='lat' dir='ltr'>cui</span> <span class='ocrx_word' id='word_1_241' title='bbox 1261 1283 1335 1313; x_wconf 85' lang='lat' dir='ltr'>pars</span> <span class='ocrx_word' id='word_1_242' title='bbox 1359 1273 1510 1303; x_wconf 87' lang='lat' dir='ltr'>bonorum</span> <span class='ocrx_word' id='word_1_243' title='bbox 1535 1283 1651 1311; x_wconf 82' lang='lat' dir='ltr'>magna</span> <span class='ocrx_word' id='word_1_244' title='bbox 1675 1272 1824 1304; x_wconf 76' lang='lat' dir='ltr'>defertur,</span> <span class='ocrx_word' id='word_1_245' title='bbox 1853 1276 1864 1301; x_wconf 77' lang='grc'>.’</span> 
     </span>
    </p>
   </div>
   <div class='ocr_carea' id='block_1_15' title="bbox 209 1324 1827 1467">
    <p class='ocr_par' dir='ltr' id='par_1_15' title="bbox 209 1324 1827 1467">
     <span class='ocr_line' id='line_1_28' title="bbox 209 1324 1827 1365; baseline -0.002 -8"><span class='ocrx_word' id='word_1_246' title='bbox 209 1337 281 1357; x_wconf 88' lang='lat' dir='ltr'>nam</span> <span class='ocrx_word' id='word_1_247' title='bbox 313 1326 372 1357; x_wconf 86' lang='lat' dir='ltr'>etsi</span> <span class='ocrx_word' id='word_1_248' title='bbox 403 1325 528 1365; x_wconf 81' lang='lat' dir='ltr'>integra</span> <span class='ocrx_word' id='word_1_249' title='bbox 556 1324 751 1355; x_wconf 84' lang='lat' dir='ltr'>conscientia</span> <span class='ocrx_word' id='word_1_250' title='bbox 779 1335 840 1355; x_wconf 91' lang='lat' dir='ltr'>non</span> <span class='ocrx_word' id='word_1_251' title='bbox 870 1328 975 1355; x_wconf 83' lang='lat' dir='ltr'>tamen</span> <span class='ocrx_word' id='word_1_252' title='bbox 1007 1324 1129 1355; x_wconf 84' lang='lat' dir='ltr'>sincero</span> <span class='ocrx_word' id='word_1_253' title='bbox 1160 1324 1279 1364; x_wconf 90' lang='lat' dir='ltr'>pudore</span> <span class='ocrx_word' id='word_1_254' title='bbox 1311 1324 1444 1356; x_wconf 86' lang='lat' dir='ltr'>ditatur:</span> <span class='ocrx_word' id='word_1_255' title='bbox 1482 1327 1611 1355; x_wconf 82' lang='lat' dir='ltr'>atvero</span> <span class='ocrx_word' id='word_1_256' title='bbox 1643 1324 1721 1354; x_wconf 88' lang='lat' dir='ltr'>haec.</span> <span class='ocrx_word' id='word_1_257' title='bbox 1746 1324 1827 1354; x_wconf 76' lang='lat' dir='ltr'>levia</span> 
     </span>
     <span class='ocr_line' id='line_1_29' title="bbox 210 1375 1826 1418; baseline -0.002 -10"><span class='ocrx_word' id='word_1_258' title='bbox 210 1378 343 1418; x_wconf 78' lang='lat' dir='ltr'>pignora</span> <span class='ocrx_word' id='word_1_259' title='bbox 373 1380 428 1407; x_wconf 85' lang='lat' dir='ltr'>aut</span> <span class='ocrx_word' id='word_1_260' title='bbox 457 1375 573 1407; x_wconf 86' lang='lat' dir='ltr'>amoris</span> <span class='ocrx_word' id='word_1_261' title='bbox 600 1375 704 1415; x_wconf 82' lang='lat' dir='ltr'>gratia</span> <span class='ocrx_word' id='word_1_262' title='bbox 727 1378 781 1405; x_wconf 90' lang='lat' dir='ltr'>aut</span> <span class='ocrx_word' id='word_1_263' title='bbox 805 1376 963 1406; x_wconf 83' lang='lat' dir='ltr'>testatoris</span> <span class='ocrx_word' id='word_1_264' title='bbox 988 1375 1181 1406; x_wconf 84' lang='lat' dir='ltr'>verecundia</span> <span class='ocrx_word' id='word_1_265' title='bbox 1205 1375 1433 1414; x_wconf 89' lang='lat' dir='ltr'>relinquuntur.</span> <span class='ocrx_word' id='word_1_266' title='bbox 1483 1375 1560 1405; x_wconf 86' lang='lat' dir='ltr'>nihil</span> <span class='ocrx_word' id='word_1_267' title='bbox 1587 1375 1660 1405; x_wconf 87' lang='lat' dir='ltr'>huic</span> <span class='ocrx_word' id='word_1_268' title='bbox 1684 1375 1826 1414; x_wconf 73' lang='lat' dir='ltr'>religioni</span> 
     </span>
     <span class='ocr_line' id='line_1_30' title="bbox 210 1426 1823 1467; baseline -0.002 -8"><span class='ocrx_word' id='word_1_269' title='bbox 210 1429 299 1459; x_wconf 85' lang='lat' dir='ltr'>novis</span> <span class='ocrx_word' id='word_1_270' title='bbox 317 1428 442 1467; x_wconf 80' lang='lat' dir='ltr'>legibus</span> <span class='ocrx_word' id='word_1_271' title='bbox 459 1427 644 1467; x_wconf 85' lang='lat' dir='ltr'>derogatum</span> <span class='ocrx_word' id='word_1_272' title='bbox 663 1430 723 1457; x_wconf 87' lang='lat' dir='ltr'>est:</span> <span class='ocrx_word' id='word_1_273' title='bbox 752 1430 858 1457; x_wconf 86' lang='lat' dir='ltr'>manet</span> <span class='ocrx_word' id='word_1_274' title='bbox 875 1426 934 1457; x_wconf 89' lang='lat' dir='ltr'>iste</span> <span class='ocrx_word' id='word_1_275' title='bbox 952 1437 1028 1457; x_wconf 90' lang='lat' dir='ltr'>usus</span> <span class='ocrx_word' id='word_1_276' title='bbox 1046 1430 1077 1457; x_wconf 89' lang='lat' dir='ltr'>et</span> <span class='ocrx_word' id='word_1_277' title='bbox 1093 1426 1181 1457; x_wconf 84' lang='lat' dir='ltr'>vobis</span> <span class='ocrx_word' id='word_1_278' title='bbox 1203 1426 1273 1456; x_wconf 84' lang='lat' dir='ltr'>iura</span> <span class='ocrx_word' id='word_1_279' title='bbox 1296 1426 1497 1457; x_wconf 79' lang='lat' dir='ltr'>servantibus</span> <span class='ocrx_word' id='word_1_280' title='bbox 1522 1436 1646 1466; x_wconf 85' lang='lat' dir='ltr'>semper</span> <span class='ocrx_word' id='word_1_281' title='bbox 1669 1426 1823 1456; x_wconf 79' lang='lat' dir='ltr'>manebitz</span> 
     </span>
    </p>
   </div>
   <div class='ocr_carea' id='block_1_16' title="bbox 178 1477 1828 1518">
    <p class='ocr_par' dir='ltr' id='par_1_16' title="bbox 178 1477 1828 1518">
     <span class='ocr_line' id='line_1_31' title="bbox 178 1477 1828 1518; baseline -0.002 -8"><span class='ocrx_word' id='word_1_282' title='bbox 178 1491 188 1507; x_wconf 63' lang='grc' dir='ltr'>τ,</span> <span class='ocrx_word' id='word_1_283' title='bbox 210 1490 291 1511; x_wconf 84' lang='lat' dir='ltr'>unus</span> <span class='ocrx_word' id='word_1_284' title='bbox 322 1483 352 1510; x_wconf 90' lang='lat' dir='ltr'>ct</span> <span class='ocrx_word' id='word_1_285' title='bbox 375 1479 461 1509; x_wconf 81' lang='lat' dir='ltr'>solus</span> <span class='ocrx_word' id='word_1_286' title='bbox 486 1482 556 1518; x_wconf 87' lang='lat' dir='ltr'>post</span> <span class='ocrx_word' id='word_1_287' title='bbox 579 1478 708 1508; x_wconf 88' lang='lat' dir='ltr'>hnmani</span> <span class='ocrx_word' id='word_1_288' title='bbox 731 1480 849 1517; x_wconf 51' lang='lat' dir='ltr'>ueneris</span> <span class='ocrx_word' id='word_1_289' title='bbox 874 1478 1056 1508; x_wconf 83' lang='lat' dir='ltr'>memoriam</span> <span class='ocrx_word' id='word_1_290' title='bbox 1082 1478 1246 1508; x_wconf 86' lang='lat' dir='ltr'>rationalis</span> <span class='ocrx_word' id='word_1_291' title='bbox 1270 1478 1412 1513; x_wconf 72' lang='lat' dir='ltr'>emersit,</span> <span class='ocrx_word' id='word_1_292' title='bbox 1448 1478 1500 1517; x_wconf 87' lang='lat' dir='ltr'>qui</span> <span class='ocrx_word' id='word_1_293' title='bbox 1525 1477 1704 1517; x_wconf 84' lang='lat' dir='ltr'>exemplum</span> <span class='ocrx_word' id='word_1_294' title='bbox 1729 1487 1828 1507; x_wconf 88' lang='lat' dir='ltr'>novae</span> 
     </span>
    </p>
   </div>
   <div class='ocr_carea' id='block_1_17' title="bbox 210 1527 1832 1827">
    <p class='ocr_par' dir='ltr' id='par_1_17' title="bbox 210 1527 1832 1827">
     <span class='ocr_line' id='line_1_32' title="bbox 210 1527 1829 1569; baseline -0.002 -8"><span class='ocrx_word' id='word_1_295' title='bbox 210 1531 410 1562; x_wconf 81' lang='lat' dir='ltr'>imlieationis</span> <span class='ocrx_word' id='word_1_296' title='bbox 441 1530 614 1560; x_wconf 87' lang='lat' dir='ltr'>induceret.</span> <span class='ocrx_word' id='word_1_297' title='bbox 664 1529 736 1559; x_wconf 88' lang='lat' dir='ltr'>hinc</span> <span class='ocrx_word' id='word_1_298' title='bbox 764 1532 831 1560; x_wconf 89' lang='lat' dir='ltr'>orta</span> <span class='ocrx_word' id='word_1_299' title='bbox 857 1532 904 1560; x_wconf 82' lang='lat' dir='ltr'>est</span> <span class='ocrx_word' id='word_1_300' title='bbox 928 1529 1124 1569; x_wconf 85' lang='lat' dir='ltr'>provocatio.</span> <span class='ocrx_word' id='word_1_301' title='bbox 1159 1539 1241 1569; x_wconf 87' lang='lat' dir='ltr'>quae</span> <span class='ocrx_word' id='word_1_302' title='bbox 1266 1529 1318 1559; x_wconf 90' lang='lat' dir='ltr'>ubi</span> <span class='ocrx_word' id='word_1_303' title='bbox 1342 1529 1530 1559; x_wconf 71' lang='lat' dir='ltr'>amlitmium</span> <span class='ocrx_word' id='word_1_304' title='bbox 1556 1538 1678 1559; x_wconf 82' lang='lat' dir='ltr'>sacrum</span> <span class='ocrx_word' id='word_1_305' title='bbox 1704 1527 1829 1558; x_wconf 86' lang='lat' dir='ltr'>decreto</span> 
     </span>
     <span class='ocr_line' id='line_1_33' title="bbox 211 1580 1831 1621; baseline -0.003 -7"><span class='ocrx_word' id='word_1_306' title='bbox 211 1583 306 1614; x_wconf 87' lang='lat' dir='ltr'>etiam</span> <span class='ocrx_word' id='word_1_307' title='bbox 338 1585 460 1613; x_wconf 87' lang='lat' dir='ltr'>vestrae</span> <span class='ocrx_word' id='word_1_308' title='bbox 492 1581 573 1620; x_wconf 82' lang='lat' dir='ltr'>legis</span> <span class='ocrx_word' id='word_1_309' title='bbox 598 1581 744 1611; x_wconf 87' lang='lat' dir='ltr'>intravit.</span> <span class='ocrx_word' id='word_1_310' title='bbox 780 1591 887 1611; x_wconf 88' lang='lat' dir='ltr'>rursus</span> <span class='ocrx_word' id='word_1_311' title='bbox 912 1580 1060 1611; x_wconf 88' lang='lat' dir='ltr'>eludendi</span> <span class='ocrx_word' id='word_1_312' title='bbox 1085 1580 1194 1611; x_wconf 85' lang='lat' dir='ltr'>iudicii</span> <span class='ocrx_word' id='word_1_313' title='bbox 1218 1590 1315 1611; x_wconf 86' lang='lat' dir='ltr'>causa</span> <span class='ocrx_word' id='word_1_314' title='bbox 1338 1580 1532 1621; x_wconf 89' lang='lat' dir='ltr'>propositum</span> <span class='ocrx_word' id='word_1_315' title='bbox 1558 1584 1606 1611; x_wconf 90' lang='lat' dir='ltr'>est</span> <span class='ocrx_word' id='word_1_316' title='bbox 1629 1580 1722 1610; x_wconf 88' lang='lat' dir='ltr'>inane</span> <span class='ocrx_word' id='word_1_317' title='bbox 1747 1590 1831 1610; x_wconf 84' lang='lat' dir='ltr'>eom—</span> 
     </span>
     <span class='ocr_line' id='line_1_34' title="bbox 214 1631 1830 1672; baseline -0.002 -8"><span class='ocrx_word' id='word_1_318' title='bbox 214 1638 371 1665; x_wconf 86' lang='lat' dir='ltr'>mentum.</span> <span class='ocrx_word' id='word_1_319' title='bbox 406 1637 439 1664; x_wconf 89' lang='lat' dir='ltr'>ut</span> <span class='ocrx_word' id='word_1_320' title='bbox 468 1633 507 1663; x_wconf 86' lang='lat' dir='ltr'>ab</span> <span class='ocrx_word' id='word_1_321' title='bbox 539 1632 663 1663; x_wconf 84' lang='lat' dir='ltr'>inlustri</span> <span class='ocrx_word' id='word_1_322' title='bbox 689 1632 754 1663; x_wconf 87' lang='lat' dir='ltr'>viro</span> <span class='ocrx_word' id='word_1_323' title='bbox 780 1632 922 1672; x_wconf 81' lang='lat' dir='ltr'>privatae</span> <span class='ocrx_word' id='word_1_324' title='bbox 948 1632 990 1663; x_wconf 91' lang='lat' dir='ltr'>rei</span> <span class='ocrx_word' id='word_1_325' title='bbox 1016 1632 1128 1663; x_wconf 83' lang='lat' dir='ltr'>comite</span> <span class='ocrx_word' id='word_1_326' title='bbox 1152 1632 1302 1671; x_wconf 83' lang='lat' dir='ltr'>delegata</span> <span class='ocrx_word' id='word_1_327' title='bbox 1326 1632 1463 1672; x_wconf 76' lang='lat' dir='ltr'>cognitio</span> <span class='ocrx_word' id='word_1_328' title='bbox 1487 1631 1645 1662; x_wconf 87' lang='lat' dir='ltr'>diceretur</span> <span class='ocrx_word' id='word_1_329' title='bbox 1668 1631 1830 1661; x_wconf 83' lang='lat' dir='ltr'>rationalis</span> 
     </span>
     <span class='ocr_line' id='line_1_35' title="bbox 212 1682 1831 1724; baseline -0.004 -9"><span class='ocrx_word' id='word_1_330' title='bbox 212 1685 351 1716; x_wconf 86' lang='lat' dir='ltr'>examini</span> <span class='ocrx_word' id='word_1_331' title='bbox 368 1688 462 1724; x_wconf 83' lang='lat' dir='ltr'>atque</span> <span class='ocrx_word' id='word_1_332' title='bbox 487 1684 559 1714; x_wconf 84' lang='lat' dir='ltr'>ideo</span> <span class='ocrx_word' id='word_1_333' title='bbox 584 1694 692 1714; x_wconf 83' lang='lat' dir='ltr'>rursus</span> <span class='ocrx_word' id='word_1_334' title='bbox 716 1684 756 1714; x_wconf 85' lang='lat' dir='ltr'>ad</span> <span class='ocrx_word' id='word_1_335' title='bbox 781 1683 922 1714; x_wconf 86' lang='lat' dir='ltr'>eiusdem</span> <span class='ocrx_word' id='word_1_336' title='bbox 948 1683 1099 1714; x_wconf 86' lang='lat' dir='ltr'>iudicium</span> <span class='ocrx_word' id='word_1_337' title='bbox 1126 1683 1241 1714; x_wconf 86' lang='lat' dir='ltr'>debere</span> <span class='ocrx_word' id='word_1_338' title='bbox 1267 1683 1441 1721; x_wconf 70' lang='lat' dir='ltr'>transferri7</span> <span class='ocrx_word' id='word_1_339' title='bbox 1469 1693 1537 1714; x_wconf 89' lang='lat' dir='ltr'>cum</span> <span class='ocrx_word' id='word_1_340' title='bbox 1563 1683 1664 1713; x_wconf 88' lang='lat' dir='ltr'>omnis</span> <span class='ocrx_word' id='word_1_341' title='bbox 1688 1682 1831 1722; x_wconf 79' lang='lat' dir='ltr'>quaestio</span> 
     </span>
     <span class='ocr_line' id='line_1_36' title="bbox 214 1733 1832 1777; baseline -0.002 -10"><span class='ocrx_word' id='word_1_342' title='bbox 214 1748 251 1767; x_wconf 86' lang='lat' dir='ltr'>ex</span> <span class='ocrx_word' id='word_1_343' title='bbox 282 1736 427 1777; x_wconf 85' lang='lat' dir='ltr'>precibus</span> <span class='ocrx_word' id='word_1_344' title='bbox 460 1735 611 1765; x_wconf 82' lang='lat' dir='ltr'>Marciani</span> <span class='ocrx_word' id='word_1_345' title='bbox 649 1734 767 1765; x_wconf 91' lang='lat' dir='ltr'>dudum</span> <span class='ocrx_word' id='word_1_346' title='bbox 799 1735 984 1775; x_wconf 70' lang='lat' dir='ltr'>pwtectoris</span> <span class='ocrx_word' id='word_1_347' title='bbox 1016 1738 1047 1765; x_wconf 93' lang='lat' dir='ltr'>et</span> <span class='ocrx_word' id='word_1_348' title='bbox 1077 1738 1202 1765; x_wconf 79' lang='lat' dir='ltr'>vestrae</span> <span class='ocrx_word' id='word_1_349' title='bbox 1234 1735 1422 1765; x_wconf 87' lang='lat' dir='ltr'>clementiae</span> <span class='ocrx_word' id='word_1_350' title='bbox 1454 1734 1602 1773; x_wconf 86' lang='lat' dir='ltr'>largitate</span> <span class='ocrx_word' id='word_1_351' title='bbox 1634 1733 1832 1764; x_wconf 86' lang='lat' dir='ltr'>descendens</span> 
     </span>
     <span class='ocr_line' id='line_1_37' title="bbox 214 1784 1826 1827; baseline -0.002 -10"><span class='ocrx_word' id='word_1_352' title='bbox 214 1797 302 1818; x_wconf 86' lang='lat' dir='ltr'>sacro</span> <span class='ocrx_word' id='word_1_353' title='bbox 327 1787 431 1827; x_wconf 87' lang='lat' dir='ltr'>potius</span> <span class='ocrx_word' id='word_1_354' title='bbox 455 1786 612 1817; x_wconf 88' lang='lat' dir='ltr'>auditorio</span> <span class='ocrx_word' id='word_1_355' title='bbox 636 1796 674 1816; x_wconf 86' lang='lat' dir='ltr'>ex</span> <span class='ocrx_word' id='word_1_356' title='bbox 699 1786 922 1826; x_wconf 79' lang='lat' dir='ltr'>provocatione</span> <span class='ocrx_word' id='word_1_357' title='bbox 949 1789 1144 1826; x_wconf 72' lang='lat' dir='ltr'>conpeteret,</span> <span class='ocrx_word' id='word_1_358' title='bbox 1176 1785 1346 1816; x_wconf 77' lang='lat' dir='ltr'>accedente</span> <span class='ocrx_word' id='word_1_359' title='bbox 1371 1786 1463 1816; x_wconf 90' lang='lat' dir='ltr'>etiam</span> <span class='ocrx_word' id='word_1_360' title='bbox 1490 1785 1632 1825; x_wconf 88' lang='lat' dir='ltr'>proxima</span> <span class='ocrx_word' id='word_1_361' title='bbox 1656 1784 1826 1816; x_wconf 86' lang='lat' dir='ltr'>sanctione.</span> 
     </span>
    </p>
   </div>
   <div class='ocr_carea' id='block_1_18' title="bbox 213 1836 1831 1929">
    <p class='ocr_par' dir='ltr' id='par_1_18' title="bbox 213 1836 1831 1929">
     <span class='ocr_line' id='line_1_38' title="bbox 213 1836 1831 1878; baseline -0.003 -9"><span class='ocrx_word' id='word_1_362' title='bbox 213 1849 293 1878; x_wconf 86' lang='lat' dir='ltr'>quae</span> <span class='ocrx_word' id='word_1_363' title='bbox 324 1839 494 1869; x_wconf 83' lang='lat' dir='ltr'>indiscrete</span> <span class='ocrx_word' id='word_1_364' title='bbox 526 1837 706 1868; x_wconf 69' lang='lat' dir='ltr'>huius1mj1di</span> <span class='ocrx_word' id='word_1_365' title='bbox 738 1838 969 1878; x_wconf 80' lang='lat' dir='ltr'>appellationes</span> <span class='ocrx_word' id='word_1_366' title='bbox 1001 1837 1085 1868; x_wconf 84' lang='lat' dir='ltr'>sedi.</span> <span class='ocrx_word' id='word_1_367' title='bbox 1121 1847 1201 1876; x_wconf 89' lang='lat' dir='ltr'>quae</span> <span class='ocrx_word' id='word_1_368' title='bbox 1234 1837 1334 1867; x_wconf 89' lang='lat' dir='ltr'>vicem</span> <span class='ocrx_word' id='word_1_369' title='bbox 1367 1837 1543 1877; x_wconf 85' lang='lat' dir='ltr'>principum</span> <span class='ocrx_word' id='word_1_370' title='bbox 1576 1840 1693 1867; x_wconf 87' lang='lat' dir='ltr'>tuetur.</span> <span class='ocrx_word' id='word_1_371' title='bbox 1730 1836 1831 1876; x_wconf 84' lang='lat' dir='ltr'>prisco</span> 
     </span>
     <span class='ocr_line' id='line_1_39' title="bbox 215 1887 1827 1929; baseline -0.003 -9"><span class='ocrx_word' id='word_1_372' title='bbox 215 1890 280 1920; x_wconf 87' lang='lat' dir='ltr'>iure</span> <span class='ocrx_word' id='word_1_373' title='bbox 298 1890 464 1920; x_wconf 83' lang='lat' dir='ltr'>commisit.</span> <span class='ocrx_word' id='word_1_374' title='bbox 507 1889 697 1920; x_wconf 84' lang='lat' dir='ltr'>examinatis</span> <span class='ocrx_word' id='word_1_375' title='bbox 715 1889 811 1928; x_wconf 80' lang='lat' dir='ltr'>igitur</span> <span class='ocrx_word' id='word_1_376' title='bbox 828 1889 972 1919; x_wconf 86' lang='lat' dir='ltr'>onmibns</span> <span class='ocrx_word' id='word_1_377' title='bbox 994 1888 1195 1929; x_wconf 86' lang='lat' dir='ltr'>pronuntiavi</span> <span class='ocrx_word' id='word_1_378' title='bbox 1219 1888 1302 1918; x_wconf 73' lang='lat' dir='ltr'>bomt</span> <span class='ocrx_word' id='word_1_379' title='bbox 1325 1888 1462 1918; x_wconf 83' lang='lat' dir='ltr'>obnoxia</span> <span class='ocrx_word' id='word_1_380' title='bbox 1486 1898 1545 1918; x_wconf 93' lang='lat' dir='ltr'>non</span> <span class='ocrx_word' id='word_1_381' title='bbox 1570 1897 1641 1918; x_wconf 83' lang='lat' dir='ltr'>esse</span> <span class='ocrx_word' id='word_1_382' title='bbox 1666 1887 1827 1927; x_wconf 64' lang='lat' dir='ltr'>rescripto,</span> 
     </span>
    </p>
   </div>
   <div class='ocr_carea' id='block_1_19' title="bbox 214 1938 1831 1980">
    <p class='ocr_par' dir='ltr' id='par_1_19' title="bbox 214 1938 1831 1980">
     <span class='ocr_line' id='line_1_40' title="bbox 214 1938 1831 1980; baseline -0.002 -8"><span class='ocrx_word' id='word_1_383' title='bbox 214 1951 283 1972; x_wconf 89' lang='lat' dir='ltr'>cum</span> <span class='ocrx_word' id='word_1_384' title='bbox 300 1941 396 1972; x_wconf 85' lang='lat' dir='ltr'>vestri</span> <span class='ocrx_word' id='word_1_385' title='bbox 414 1941 552 1971; x_wconf 85' lang='lat' dir='ltr'>numinis</span> <span class='ocrx_word' id='word_1_386' title='bbox 569 1944 699 1971; x_wconf 86' lang='lat' dir='ltr'>aeterna</span> <span class='ocrx_word' id='word_1_387' title='bbox 716 1940 845 1970; x_wconf 82' lang='lat' dir='ltr'>iustitia.</span> <span class='ocrx_word' id='word_1_388' title='bbox 876 1940 900 1970; x_wconf 91' lang='lat' dir='ltr'>si</span> <span class='ocrx_word' id='word_1_389' title='bbox 926 1940 1053 1980; x_wconf 88' lang='lat' dir='ltr'>scriptis</span> <span class='ocrx_word' id='word_1_390' title='bbox 1077 1943 1132 1970; x_wconf 84' lang='lat' dir='ltr'>aut</span> <span class='ocrx_word' id='word_1_391' title='bbox 1155 1939 1305 1979; x_wconf 75' lang='lat' dir='ltr'>legitimis</span> <span class='ocrx_word' id='word_1_392' title='bbox 1330 1939 1566 1970; x_wconf 82' lang='lat' dir='ltr'>successoribus</span> <span class='ocrx_word' id='word_1_393' title='bbox 1591 1941 1717 1969; x_wconf 83' lang='lat' dir='ltr'>vacaret</span> <span class='ocrx_word' id='word_1_394' title='bbox 1740 1938 1831 1968; x_wconf 85' lang='lat' dir='ltr'>herc—</span> 
     </span>
    </p>
   </div>
   <div class='ocr_carea' id='block_1_20' title="bbox 185 1989 1832 2030">
    <p class='ocr_par' dir='ltr' id='par_1_20' title="bbox 185 1989 1832 2030">
     <span class='ocr_line' id='line_1_41' title="bbox 185 1989 1832 2030; baseline -0.004 -6"><span class='ocrx_word' id='word_1_395' title='bbox 185 2005 195 2021; x_wconf 56' lang='grc' dir='ltr'>Γ»</span> <span class='ocrx_word' id='word_1_396' title='bbox 216 1993 315 2030; x_wconf 72' lang='lat' dir='ltr'>ditas7</span> <span class='ocrx_word' id='word_1_397' title='bbox 351 1992 460 2023; x_wconf 79' lang='lat' dir='ltr'>fiscum</span> <span class='ocrx_word' id='word_1_398' title='bbox 492 1991 656 2022; x_wconf 80' lang='lat' dir='ltr'>statuisset</span> <span class='ocrx_word' id='word_1_399' title='bbox 679 1991 818 2022; x_wconf 85' lang='lat' dir='ltr'>admitti.</span> <span class='ocrx_word' id='word_1_400' title='bbox 858 1991 915 2021; x_wconf 87' lang='lat' dir='ltr'>has</span> <span class='ocrx_word' id='word_1_401' title='bbox 939 1996 1045 2022; x_wconf 84' lang='lat' dir='ltr'>antem</span> <span class='ocrx_word' id='word_1_402' title='bbox 1070 1991 1240 2022; x_wconf 85' lang='lat' dir='ltr'>facultates</span> <span class='ocrx_word' id='word_1_403' title='bbox 1264 1991 1433 2021; x_wconf 85' lang='lat' dir='ltr'>Marcellus</span> <span class='ocrx_word' id='word_1_404' title='bbox 1458 1990 1564 2020; x_wconf 78' lang='lat' dir='ltr'>Bizias</span> <span class='ocrx_word' id='word_1_405' title='bbox 1589 1994 1620 2020; x_wconf 89' lang='lat' dir='ltr'>ct</span> <span class='ocrx_word' id='word_1_406' title='bbox 1643 1989 1832 2020; x_wconf 85' lang='lat' dir='ltr'>Heliodorus</span> 
     </span>
    </p>
   </div>
   <div class='ocr_carea' id='block_1_21' title="bbox 214 2040 1832 2290">
    <p class='ocr_par' dir='ltr' id='par_1_21' title="bbox 214 2040 1832 2290">
     <span class='ocr_line' id='line_1_42' title="bbox 214 2040 1832 2083; baseline -0.003 -8"><span class='ocrx_word' id='word_1_407' title='bbox 214 2045 297 2075; x_wconf 84' lang='lat' dir='ltr'>iusta</span> <span class='ocrx_word' id='word_1_408' title='bbox 321 2043 461 2075; x_wconf 90' lang='lat' dir='ltr'>defuncti</span> <span class='ocrx_word' id='word_1_409' title='bbox 485 2043 647 2074; x_wconf 86' lang='lat' dir='ltr'>voluntate</span> <span class='ocrx_word' id='word_1_410' title='bbox 675 2043 844 2083; x_wconf 84' lang='lat' dir='ltr'>cepissent.</span> <span class='ocrx_word' id='word_1_411' title='bbox 894 2046 966 2073; x_wconf 87' lang='lat' dir='ltr'>tune</span> <span class='ocrx_word' id='word_1_412' title='bbox 991 2042 1180 2073; x_wconf 81' lang='lat' dir='ltr'>sententiam</span> <span class='ocrx_word' id='word_1_413' title='bbox 1206 2052 1306 2073; x_wconf 86' lang='lat' dir='ltr'>meam</span> <span class='ocrx_word' id='word_1_414' title='bbox 1333 2041 1480 2072; x_wconf 85' lang='lat' dir='ltr'>defensor</span> <span class='ocrx_word' id='word_1_415' title='bbox 1503 2041 1696 2071; x_wconf 84' lang='lat' dir='ltr'>venerabilis</span> <span class='ocrx_word' id='word_1_416' title='bbox 1721 2040 1832 2070; x_wconf 78' lang='lat' dir='ltr'>doinus</span> 
     </span>
     <span class='ocr_line' id='line_1_43' title="bbox 214 2092 1832 2135; baseline -0.002 -9"><span class='ocrx_word' id='word_1_417' title='bbox 214 2096 366 2126; x_wconf 82' lang='lat' dir='ltr'>inusitata</span> <span class='ocrx_word' id='word_1_418' title='bbox 399 2095 618 2135; x_wconf 88' lang='lat' dir='ltr'>provocatione</span> <span class='ocrx_word' id='word_1_419' title='bbox 649 2094 826 2134; x_wconf 81' lang='lat' dir='ltr'>suspendit.</span> <span class='ocrx_word' id='word_1_420' title='bbox 875 2094 931 2125; x_wconf 90' lang='lat' dir='ltr'>sed</span> <span class='ocrx_word' id='word_1_421' title='bbox 963 2104 1033 2124; x_wconf 86' lang='lat' dir='ltr'>cum</span> <span class='ocrx_word' id='word_1_422' title='bbox 1065 2094 1160 2124; x_wconf 85' lang='lat' dir='ltr'>huius</span> <span class='ocrx_word' id='word_1_423' title='bbox 1192 2093 1235 2124; x_wconf 92' lang='lat' dir='ltr'>rei</span> <span class='ocrx_word' id='word_1_424' title='bbox 1260 2093 1381 2124; x_wconf 93' lang='lat' dir='ltr'>nullum</span> <span class='ocrx_word' id='word_1_425' title='bbox 1406 2093 1587 2132; x_wconf 87' lang='lat' dir='ltr'>exemplum</span> <span class='ocrx_word' id='word_1_426' title='bbox 1612 2092 1832 2130; x_wconf 61' lang='lat' dir='ltr'>cognitionalis</span> 
     </span>
     <span class='ocr_line' id='line_1_44' title="bbox 216 2143 1831 2186; baseline -0.003 -9"><span class='ocrx_word' id='word_1_427' title='bbox 216 2150 324 2178; x_wconf 88' lang='lat' dir='ltr'>extare</span> <span class='ocrx_word' id='word_1_428' title='bbox 350 2150 546 2186; x_wconf 70' lang='lat' dir='ltr'>suggereret.</span> <span class='ocrx_word' id='word_1_429' title='bbox 574 2145 673 2176; x_wconf 85' lang='lat' dir='ltr'>nihilo</span> <span class='ocrx_word' id='word_1_430' title='bbox 698 2145 802 2176; x_wconf 90' lang='lat' dir='ltr'>minus</span> <span class='ocrx_word' id='word_1_431' title='bbox 826 2145 979 2176; x_wconf 86' lang='lat' dir='ltr'>obiectam</span> <span class='ocrx_word' id='word_1_432' title='bbox 1006 2155 1113 2175; x_wconf 87' lang='lat' dir='ltr'>vocem</span> <span class='ocrx_word' id='word_1_433' title='bbox 1140 2144 1275 2175; x_wconf 85' lang='lat' dir='ltr'>libenter</span> <span class='ocrx_word' id='word_1_434' title='bbox 1299 2144 1412 2175; x_wconf 86' lang='lat' dir='ltr'>admisi</span> <span class='ocrx_word' id='word_1_435' title='bbox 1437 2148 1468 2175; x_wconf 86' lang='lat' dir='ltr'>et</span> <span class='ocrx_word' id='word_1_436' title='bbox 1484 2143 1636 2174; x_wconf 85' lang='lat' dir='ltr'>relatione</span> <span class='ocrx_word' id='word_1_437' title='bbox 1653 2143 1831 2174; x_wconf 85' lang='lat' dir='ltr'>summatim</span> 
     </span>
     <span class='ocr_line' id='line_1_45' title="bbox 215 2195 1832 2238; baseline -0.003 -9"><span class='ocrx_word' id='word_1_438' title='bbox 215 2202 326 2229; x_wconf 89' lang='lat' dir='ltr'>cuncta</span> <span class='ocrx_word' id='word_1_439' title='bbox 358 2198 530 2238; x_wconf 86' lang='lat' dir='ltr'>conplexus</span> <span class='ocrx_word' id='word_1_440' title='bbox 561 2201 720 2237; x_wconf 78' lang='lat' dir='ltr'>gestorum</span> <span class='ocrx_word' id='word_1_441' title='bbox 754 2208 877 2237; x_wconf 88' lang='lat' dir='ltr'>quoque</span> <span class='ocrx_word' id='word_1_442' title='bbox 909 2197 1097 2227; x_wconf 84' lang='lat' dir='ltr'>documenta</span> <span class='ocrx_word' id='word_1_443' title='bbox 1129 2196 1291 2227; x_wconf 86' lang='lat' dir='ltr'>subtexui.</span> <span class='ocrx_word' id='word_1_444' title='bbox 1328 2206 1534 2236; x_wconf 86' lang='lat' dir='ltr'>praesumens</span> <span class='ocrx_word' id='word_1_445' title='bbox 1564 2195 1654 2225; x_wconf 90' lang='lat' dir='ltr'>bonis</span> <span class='ocrx_word' id='word_1_446' title='bbox 1678 2195 1832 2235; x_wconf 84' lang='lat' dir='ltr'>placitura</span> 
     </span>
     <span class='ocr_line' id='line_1_46' title="bbox 217 2247 1404 2290; baseline -0.003 -10"><span class='ocrx_word' id='word_1_447' title='bbox 217 2249 421 2290; x_wconf 82' lang='lat' dir='ltr'>principibus.</span> <span class='ocrx_word' id='word_1_448' title='bbox 449 2259 530 2288; x_wconf 86' lang='lat' dir='ltr'>quae</span> <span class='ocrx_word' id='word_1_449' title='bbox 555 2248 727 2280; x_wconf 81' lang='lat' dir='ltr'>secundum</span> <span class='ocrx_word' id='word_1_450' title='bbox 754 2249 842 2286; x_wconf 75' lang='lat' dir='ltr'>leges</span> <span class='ocrx_word' id='word_1_451' title='bbox 868 2259 921 2288; x_wconf 91' lang='lat' dir='ltr'>pro</span> <span class='ocrx_word' id='word_1_452' title='bbox 947 2248 1031 2278; x_wconf 80' lang='lat' dir='ltr'>fama</span> <span class='ocrx_word' id='word_1_453' title='bbox 1054 2252 1230 2288; x_wconf 89' lang='lat' dir='ltr'>temporum</span> <span class='ocrx_word' id='word_1_454' title='bbox 1255 2247 1404 2278; x_wconf 88' lang='lat' dir='ltr'>iudicavi.</span> 
     </span>
    </p>
   </div>
   <div class='ocr_carea' id='block_1_22' title="bbox 215 2339 1829 2413">
    <p class='ocr_par' dir='ltr' id='par_1_22' title="bbox 215 2339 1829 2413">
     <span class='ocr_line' id='line_1_47' title="bbox 303 2339 1829 2371; baseline -0.003 -3"><span class='ocrx_word' id='word_1_455' title='bbox 303 2345 314 2367; x_wconf 76' lang='grc' dir='ltr'>Τ</span> <span class='ocrx_word' id='word_1_456' title='bbox 336 2343 405 2368; x_wconf 79' lang='lat' dir='ltr'>Cod.</span> <span class='ocrx_word' id='word_1_457' title='bbox 426 2343 532 2368; x_wconf 69' lang='lat' dir='ltr'>Theo-l.</span> <span class='ocrx_word' id='word_1_458' title='bbox 556 2343 579 2368; x_wconf 82' lang='lat' dir='ltr'>X</span> <span class='ocrx_word' id='word_1_459' title='bbox 604 2344 640 2369; x_wconf 76' lang='lat' dir='ltr'>lo,</span> <span class='ocrx_word' id='word_1_460' title='bbox 664 2346 687 2368; x_wconf 58' lang='lat' dir='ltr'>S.</span> <span class='ocrx_word' id='word_1_461' title='bbox 709 2345 732 2368; x_wconf 66' lang='grc' dir='ltr'>Η.</span> <span class='ocrx_word' id='word_1_462' title='bbox 760 2344 795 2368; x_wconf 71' lang='grc'>12,</span> <span class='ocrx_word' id='word_1_463' title='bbox 902 2343 928 2365; x_wconf 63' lang='grc'>11)</span> <span class='ocrx_word' id='word_1_464' title='bbox 949 2342 983 2367; x_wconf 77' lang='lat' dir='ltr'>ct&#39;.</span> <span class='ocrx_word' id='word_1_465' title='bbox 1006 2342 1075 2367; x_wconf 62' lang='lat' dir='ltr'>(lod.</span> <span class='ocrx_word' id='word_1_466' title='bbox 1097 2341 1204 2367; x_wconf 75' lang='lat' dir='ltr'>Theod.</span> <span class='ocrx_word' id='word_1_467' title='bbox 1229 2341 1253 2366; x_wconf 94' lang='grc' dir='ltr'>ΙΙ</span> <span class='ocrx_word' id='word_1_468' title='bbox 1273 2343 1296 2366; x_wconf 72' lang='lat'>2.</span> <span class='ocrx_word' id='word_1_469' title='bbox 1336 2342 1399 2371; x_wconf 58' lang='lat' dir='ltr'>Ing.</span> <span class='ocrx_word' id='word_1_470' title='bbox 1423 2341 1502 2366; x_wconf 72' lang='lat' dir='ltr'>XXII</span> <span class='ocrx_word' id='word_1_471' title='bbox 1523 2343 1546 2367; x_wconf 69' lang='grc' dir='ltr'>Γι,</span> <span class='ocrx_word' id='word_1_472' title='bbox 1573 2342 1608 2365; x_wconf 69' lang='grc'>11)4</span> <span class='ocrx_word' id='word_1_473' title='bbox 1712 2341 1737 2363; x_wconf 73' lang='grc' dir='ltr'>ΣΗ</span> <span class='ocrx_word' id='word_1_474' title='bbox 1763 2339 1829 2363; x_wconf 63' lang='lat' dir='ltr'>(fod.</span> 
     </span>
     <span class='ocr_line' id='line_1_48' title="bbox 215 2386 507 2413; baseline -0.003 -2"><span class='ocrx_word' id='word_1_475' title='bbox 215 2386 321 2411; x_wconf 72' lang='lat' dir='ltr'>Theod.</span> <span class='ocrx_word' id='word_1_476' title='bbox 344 2386 383 2411; x_wconf 82' lang='lat' dir='ltr'>XI</span> <span class='ocrx_word' id='word_1_477' title='bbox 404 2389 444 2413; x_wconf 66' lang='grc'>31),</span> <span class='ocrx_word' id='word_1_478' title='bbox 466 2386 507 2410; x_wconf 84' lang='lat' dir='ltr'>-ll.</span> 
     </span>
    </p>
   </div>
   <div class='ocr_carea' id='block_1_23' title="bbox 217 2529 1832 2819">
    <p class='ocr_par' dir='ltr' id='par_1_23' title="bbox 217 2529 1832 2819">
     <span class='ocr_line' id='line_1_49' title="bbox 306 2529 1830 2561; baseline -0.004 -5"><span class='ocrx_word' id='word_1_479' title='bbox 306 2533 313 2556; x_wconf 95' lang='grc'><strong>1</strong></span> <span class='ocrx_word' id='word_1_480' title='bbox 337 2540 500 2555; x_wconf 71' lang='lat' dir='ltr'>successorem</span> <span class='ocrx_word' id='word_1_481' title='bbox 521 2533 640 2561; x_wconf 59' lang='lat' dir='ltr'>scriptum</span> <span class='ocrx_word' id='word_1_482' title='bbox 657 2532 676 2554; x_wconf 84' lang='lat' dir='ltr'><em>T</em></span> <span class='ocrx_word' id='word_1_483' title='bbox 783 2533 847 2555; x_wconf 67' lang='lat' dir='ltr'>nnda</span> <span class='ocrx_word' id='word_1_484' title='bbox 867 2533 964 2555; x_wconf 83' lang='lat' dir='ltr'>domino</span> <span class='ocrx_word' id='word_1_485' title='bbox 987 2532 1006 2553; x_wconf 73' lang='lat' dir='ltr'>&#39;l&#39;</span> <span class='ocrx_word' id='word_1_486' title='bbox 1111 2531 1125 2554; x_wconf 69' lang='grc' dir='ltr'>’Ζ</span> <span class='ocrx_word' id='word_1_487' title='bbox 1146 2532 1244 2560; x_wconf 84' lang='lat' dir='ltr'>quidoei</span> <span class='ocrx_word' id='word_1_488' title='bbox 1267 2531 1285 2552; x_wconf 88' lang='lat' dir='ltr'><em>T</em></span> <span class='ocrx_word' id='word_1_489' title='bbox 1396 2531 1403 2552; x_wconf 85' lang='lat' dir='ltr'>l</span> <span class='ocrx_word' id='word_1_490' title='bbox 1426 2538 1480 2552; x_wconf 67' lang='lat' dir='ltr'>cnm</span> <span class='ocrx_word' id='word_1_491' title='bbox 1501 2531 1597 2552; x_wconf 59' lang='lat' dir='ltr'>iusticia</span> <span class='ocrx_word' id='word_1_492' title='bbox 1621 2529 1642 2551; x_wconf 85' lang='lat' dir='ltr'>l&#39;</span> <span class='ocrx_word' id='word_1_493' title='bbox 1744 2529 1756 2551; x_wconf 81' lang='lat'><strong>7</strong></span> <span class='ocrx_word' id='word_1_494' title='bbox 1779 2536 1830 2557; x_wconf 84' lang='lat' dir='ltr'>pro-</span> 
     </span>
     <span class='ocr_line' id='line_1_50' title="bbox 217 2570 1832 2607; baseline -0.003 -9"><span class='ocrx_word' id='word_1_495' title='bbox 217 2575 329 2607; x_wconf 76' lang='lat' dir='ltr'>deretur}</span> <span class='ocrx_word' id='word_1_496' title='bbox 348 2583 398 2604; x_wconf 69' lang='lat' dir='ltr'>cyr),</span> <span class='ocrx_word' id='word_1_497' title='bbox 422 2579 548 2605; x_wconf 75' lang='lat' dir='ltr'>peteretur</span> <span class='ocrx_word' id='word_1_498' title='bbox 569 2575 643 2597; x_wconf 73' lang='lat' dir='ltr'>TMF</span> <span class='ocrx_word' id='word_1_499' title='bbox 751 2579 764 2595; x_wconf 50' lang='grc' dir='ltr'>Ν</span> <span class='ocrx_word' id='word_1_500' title='bbox 785 2576 867 2598; x_wconf 74' lang='lat' dir='ltr'>testati</span> <span class='ocrx_word' id='word_1_501' title='bbox 891 2576 913 2597; x_wconf 66' lang='lat'>,11</span> <span class='ocrx_word' id='word_1_502' title='bbox 1018 2576 1031 2596; x_wconf 72' lang='lat' dir='ltr'>a</span> <span class='ocrx_word' id='word_1_503' title='bbox 1051 2582 1099 2603; x_wconf 82' lang='lat' dir='ltr'>qno</span> <span class='ocrx_word' id='word_1_504' title='bbox 1120 2575 1145 2596; x_wconf 81' lang='lat' dir='ltr'><em>M</em></span> <span class='ocrx_word' id='word_1_505' title='bbox 1249 2575 1290 2603; x_wconf 82' lang='lat' dir='ltr'>qni</span> <span class='ocrx_word' id='word_1_506' title='bbox 1313 2574 1336 2595; x_wconf 69' lang='lat' dir='ltr'>JI</span> <span class='ocrx_word' id='word_1_507' title='bbox 1447 2573 1473 2596; x_wconf 80' lang='lat' dir='ltr'>lo</span> <span class='ocrx_word' id='word_1_508' title='bbox 1494 2574 1583 2602; x_wconf 69' lang='lat' dir='ltr'>scripta</span> <span class='ocrx_word' id='word_1_509' title='bbox 1605 2572 1627 2594; x_wconf 89' lang='lat' dir='ltr'>l&#39;</span> <span class='ocrx_word' id='word_1_510' title='bbox 1732 2571 1758 2594; x_wconf 74' lang='lat'>12</span> <span class='ocrx_word' id='word_1_511' title='bbox 1779 2570 1832 2601; x_wconf 65' lang='lat' dir='ltr'>ant}</span> 
     </span>
     <span class='ocr_line' id='line_1_51' title="bbox 218 2614 1832 2650; baseline -0.005 -8"><span class='ocrx_word' id='word_1_512' title='bbox 218 2623 245 2642; x_wconf 73' lang='lat' dir='ltr'>nt</span> <span class='ocrx_word' id='word_1_513' title='bbox 267 2619 289 2641; x_wconf 85' lang='grc' dir='ltr'><em>Γ</em></span> <span class='ocrx_word' id='word_1_514' title='bbox 412 2617 452 2650; x_wconf 66' lang='lat' dir='ltr'>Ob]</span> <span class='ocrx_word' id='word_1_515' title='bbox 473 2619 501 2640; x_wconf 81' lang='lat' dir='ltr'>ab</span> <span class='ocrx_word' id='word_1_516' title='bbox 524 2619 542 2640; x_wconf 88' lang='lat' dir='ltr'><em>T</em></span> <span class='ocrx_word' id='word_1_517' title='bbox 674 2618 699 2641; x_wconf 67' lang='grc'>1»1</span> <span class='ocrx_word' id='word_1_518' title='bbox 723 2620 790 2648; x_wconf 68' lang='lat' dir='ltr'>piger</span> <span class='ocrx_word' id='word_1_519' title='bbox 811 2618 835 2640; x_wconf 68' lang='grc' dir='ltr'>,ῚΙ</span> <span class='ocrx_word' id='word_1_520' title='bbox 967 2618 994 2640; x_wconf 74' lang='grc' dir='ltr'>Ιῖ)</span> <span class='ocrx_word' id='word_1_521' title='bbox 1015 2618 1104 2639; x_wconf 66' lang='lat' dir='ltr'>solidos</span> <span class='ocrx_word' id='word_1_522' title='bbox 1126 2617 1148 2639; x_wconf 84' lang='grc' dir='ltr'><em>Γ</em></span> <span class='ocrx_word' id='word_1_523' title='bbox 1278 2617 1303 2639; x_wconf 68' lang='grc'>17</span> <span class='ocrx_word' id='word_1_524' title='bbox 1326 2617 1427 2643; x_wconf 70' lang='lat' dir='ltr'>legitimi</span> <span class='ocrx_word' id='word_1_525' title='bbox 1449 2617 1518 2638; x_wconf 72' lang='lat' dir='ltr'>suh-m</span> <span class='ocrx_word' id='word_1_526' title='bbox 1543 2616 1561 2636; x_wconf 83' lang='lat' dir='ltr'>&#39;l&#39;</span> <span class='ocrx_word' id='word_1_527' title='bbox 1684 2615 1791 2636; x_wconf 42' lang='lat' dir='ltr'>,suasisse</span> <span class='ocrx_word' id='word_1_528' title='bbox 1813 2614 1832 2634; x_wconf 76' lang='lat'>&#39;1&#39;</span> 
     </span>
     <span class='ocr_line' id='line_1_52' title="bbox 223 2656 1832 2691; baseline -0.006 -7"><span class='ocrx_word' id='word_1_529' title='bbox 223 2663 248 2684; x_wconf 54' lang='grc' dir='ltr'>ΙΝ</span> <span class='ocrx_word' id='word_1_530' title='bbox 269 2665 304 2685; x_wconf 53' lang='lat' dir='ltr'>est</span> <span class='ocrx_word' id='word_1_531' title='bbox 325 2662 508 2690; x_wconf 66' lang='lat' dir='ltr'>auspitionibns</span> <span class='ocrx_word' id='word_1_532' title='bbox 531 2661 550 2682; x_wconf 74' lang='lat' dir='ltr'>&#39;l&#39;</span> <span class='ocrx_word' id='word_1_533' title='bbox 681 2661 712 2684; x_wconf 71' lang='lat'>&#39;20</span> <span class='ocrx_word' id='word_1_534' title='bbox 732 2663 750 2684; x_wconf 68' lang='lat' dir='ltr'>si</span> <span class='ocrx_word' id='word_1_535' title='bbox 771 2669 817 2683; x_wconf 81' lang='lat' dir='ltr'>om.</span> <span class='ocrx_word' id='word_1_536' title='bbox 843 2661 888 2682; x_wconf 65' lang='grc' dir='ltr'>Τι’ῙΙ</span> <span class='ocrx_word' id='word_1_537' title='bbox 1020 2660 1049 2683; x_wconf 66' lang='grc' dir='ltr'>’,Η</span> <span class='ocrx_word' id='word_1_538' title='bbox 1072 2659 1153 2691; x_wconf 71' lang='lat' dir='ltr'>nobis]</span> <span class='ocrx_word' id='word_1_539' title='bbox 1173 2661 1242 2682; x_wconf 56' lang='lat' dir='ltr'>nolui&gt;v</span> <span class='ocrx_word' id='word_1_540' title='bbox 1265 2659 1286 2681; x_wconf 80' lang='grc' dir='ltr'>Ι’</span> <span class='ocrx_word' id='word_1_541' title='bbox 1414 2659 1445 2681; x_wconf 62' lang='grc'>23</span> <span class='ocrx_word' id='word_1_542' title='bbox 1466 2659 1565 2680; x_wconf 81' lang='lat' dir='ltr'>hnmani</span> <span class='ocrx_word' id='word_1_543' title='bbox 1587 2656 1695 2687; x_wconf 54' lang='lat' dir='ltr'>cencris}</span> <span class='ocrx_word' id='word_1_544' title='bbox 1715 2664 1765 2684; x_wconf 57' lang='lat' dir='ltr'>rgso,</span> <span class='ocrx_word' id='word_1_545' title='bbox 1788 2657 1832 2678; x_wconf 66' lang='lat' dir='ltr'>hn-</span> 
     </span>
     <span class='ocr_line' id='line_1_53' title="bbox 219 2699 1832 2730; baseline -0.004 -4"><span class='ocrx_word' id='word_1_546' title='bbox 219 2706 281 2727; x_wconf 84' lang='lat' dir='ltr'>mani</span> <span class='ocrx_word' id='word_1_547' title='bbox 305 2704 362 2730; x_wconf 65' lang='grc' dir='ltr'>ΨΜ,</span> <span class='ocrx_word' id='word_1_548' title='bbox 383 2704 512 2726; x_wconf 77' lang='lat' dir='ltr'>humanam</span> <span class='ocrx_word' id='word_1_549' title='bbox 536 2703 559 2725; x_wconf 58' lang='lat' dir='ltr'>I*</span> <span class='ocrx_word' id='word_1_550' title='bbox 666 2704 697 2726; x_wconf 71' lang='lat'>2‘.)</span> <span class='ocrx_word' id='word_1_551' title='bbox 717 2705 838 2726; x_wconf 65' lang='lat' dir='ltr'>examinis</span> <span class='ocrx_word' id='word_1_552' title='bbox 863 2704 883 2725; x_wconf 80' lang='grc' dir='ltr'>Ι’</span> <span class='ocrx_word' id='word_1_553' title='bbox 987 2704 1103 2725; x_wconf 76' lang='lat' dir='ltr'>indicium</span> <span class='ocrx_word' id='word_1_554' title='bbox 1125 2710 1171 2725; x_wconf 76' lang='lat' dir='ltr'>om.</span> <span class='ocrx_word' id='word_1_555' title='bbox 1196 2703 1214 2724; x_wconf 85' lang='grc' dir='ltr'><em>Τ</em></span> <span class='ocrx_word' id='word_1_556' title='bbox 1328 2704 1357 2723; x_wconf 67' lang='lat'>231)</span> <span class='ocrx_word' id='word_1_557' title='bbox 1379 2702 1490 2723; x_wconf 72' lang='lat' dir='ltr'>martiani</span> <span class='ocrx_word' id='word_1_558' title='bbox 1515 2701 1563 2722; x_wconf 64' lang='lat' dir='ltr'>nll&#39;</span> <span class='ocrx_word' id='word_1_559' title='bbox 1664 2700 1791 2721; x_wconf 51' lang='lat' dir='ltr'>discedens·</span> <span class='ocrx_word' id='word_1_560' title='bbox 1813 2699 1832 2720; x_wconf 71' lang='lat'>&#39;1&#39;</span> 
     </span>
     <span class='ocr_line' id='line_1_54' title="bbox 219 2743 1832 2774; baseline -0.003 -5"><span class='ocrx_word' id='word_1_561' title='bbox 219 2748 244 2770; x_wconf 65' lang='lat' dir='ltr'>:el</span> <span class='ocrx_word' id='word_1_562' title='bbox 269 2748 355 2769; x_wconf 67' lang='lat' dir='ltr'>:lt-ved«-</span> <span class='ocrx_word' id='word_1_563' title='bbox 378 2747 396 2768; x_wconf 84' lang='grc' dir='ltr'><em>Τ</em></span> <span class='ocrx_word' id='word_1_564' title='bbox 511 2746 541 2769; x_wconf 71' lang='lat'>2’12</span> <span class='ocrx_word' id='word_1_565' title='bbox 562 2747 710 2769; x_wconf 72' lang='lat' dir='ltr'>indiscreta«—</span> <span class='ocrx_word' id='word_1_566' title='bbox 733 2748 760 2772; x_wconf 72' lang='lat' dir='ltr'>T,</span> <span class='ocrx_word' id='word_1_567' title='bbox 785 2748 928 2769; x_wconf 60' lang='lat' dir='ltr'>moisen-tas</span> <span class='ocrx_word' id='word_1_568' title='bbox 951 2746 972 2768; x_wconf 79' lang='grc' dir='ltr'>Ι’</span> <span class='ocrx_word' id='word_1_569' title='bbox 1084 2746 1258 2774; x_wconf 71' lang='lat' dir='ltr'>appellationis</span> <span class='ocrx_word' id='word_1_570' title='bbox 1282 2745 1328 2766; x_wconf 66' lang='lat' dir='ltr'>Til!</span> <span class='ocrx_word' id='word_1_571' title='bbox 1439 2747 1551 2766; x_wconf 55' lang='lat' dir='ltr'>tueretur</span> <span class='ocrx_word' id='word_1_572' title='bbox 1574 2743 1596 2764; x_wconf 62' lang='lat' dir='ltr'>A!</span> <span class='ocrx_word' id='word_1_573' title='bbox 1711 2743 1742 2763; x_wconf 69' lang='grc' dir='ltr'>5Ηὶ</span> <span class='ocrx_word' id='word_1_574' title='bbox 1763 2743 1832 2763; x_wconf 53' lang='lat' dir='ltr'>iuxta</span> 
     </span>
     <span class='ocr_line' id='line_1_55' title="bbox 218 2788 1318 2819; baseline -0.002 -8"><span class='ocrx_word' id='word_1_575' title='bbox 218 2791 329 2813; x_wconf 66' lang='lat' dir='ltr'>‹li-functi</span> <span class='ocrx_word' id='word_1_576' title='bbox 351 2791 503 2812; x_wconf 65' lang='lat' dir='ltr'>uoluntatem</span> <span class='ocrx_word' id='word_1_577' title='bbox 528 2789 549 2811; x_wconf 84' lang='grc' dir='ltr'><em>Γ</em></span> <span class='ocrx_word' id='word_1_578' title='bbox 651 2790 680 2811; x_wconf 64' lang='lat'>:27</span> <span class='ocrx_word' id='word_1_579' title='bbox 702 2791 842 2819; x_wconf 68' lang='lat' dir='ltr'>exemplum</span> <span class='ocrx_word' id='word_1_580' title='bbox 863 2798 899 2811; x_wconf 78' lang='lat' dir='ltr'>om</span> <span class='ocrx_word' id='word_1_581' title='bbox 935 2789 981 2810; x_wconf 61' lang='lat'><em>&#39;1¹³1</em></span> <span class='ocrx_word' id='word_1_582' title='bbox 1087 2790 1117 2809; x_wconf 56' lang='lat'>:2⁸</span> <span class='ocrx_word' id='word_1_583' title='bbox 1138 2790 1272 2810; x_wconf 68' lang='lat' dir='ltr'>subiectam</span> <span class='ocrx_word' id='word_1_584' title='bbox 1297 2788 1318 2809; x_wconf 74' lang='grc' dir='ltr'>Ι’</span> 
     </span>
    </p>
   </div>
   <div class='ocr_carea' id='block_1_24' title="bbox 297 2838 1624 2863">
    <p class='ocr_par' dir='ltr' id='par_1_24' title="bbox 297 2838 1624 2863">
     <span class='ocr_line' id='line_1_56' title="bbox 297 2838 1624 2863; baseline -0.005 -5"><span class='ocrx_word' id='word_1_585' title='bbox 297 2843 312 2863; x_wconf 68' lang='lat' dir='ltr'><em>Q</em></span> <span class='ocrx_word' id='word_1_586' title='bbox 338 2841 447 2859; x_wconf 59' lang='lat' dir='ltr'>Avnimw</span> <span class='ocrx_word' id='word_1_587' title='bbox 461 2840 603 2858; x_wconf 50' lang='lat' dir='ltr'>S&#39;vnnm&#39;nvs.</span> <span class='ocrx_word' id='word_1_588' title='bbox 1600 2838 1624 2859; x_wconf 62' lang='grc' dir='ltr'>ις)</span> 
     </span>
    </p>
   </div>
   <div class='ocr_carea' id='block_1_25' title="bbox 1846 250 1940 278">
    <p class='ocr_par' dir='ltr' id='par_1_25' title="bbox 1846 250 1940 278">
     <span class='ocr_line' id='line_1_57' title="bbox 1846 250 1940 278; baseline 0 0"><span class='ocrx_word' id='word_1_589' title='bbox 1846 250 1927 278; x_wconf 77' lang='lat' dir='ltr'>TM!</span> <span class='ocrx_word' id='word_1_590' title='bbox 1933 251 1940 257; x_wconf 69' lang='grc'>’</span> 
     </span>
    </p>
   </div>
   <div class='ocr_carea' id='block_1_26' title="bbox 1844 353 1939 380">
    <p class='ocr_par' dir='ltr' id='par_1_26' title="bbox 1844 353 1939 380">
     <span class='ocr_line' id='line_1_58' title="bbox 1844 353 1862 380; textangle 90"><span class='ocrx_word' id='word_1_591' title='bbox 1844 353 1862 380; x_wconf 62' lang='lat'>10</span> 
     </span>
     <span class='ocr_line' id='line_1_59' title="bbox 1925 364 1939 374; textangle 90"><span class='ocrx_word' id='word_1_592' title='bbox 1925 364 1939 374; x_wconf 60' lang='lat' dir='ltr'>a(</span> 
     </span>
    </p>
   </div>
   <div class='ocr_carea' id='block_1_27' title="bbox 1854 1530 1872 1557">
    <p class='ocr_par' dir='ltr' id='par_1_27' title="bbox 1854 1530 1872 1557">
     <span class='ocr_line' id='line_1_60' title="bbox 1854 1530 1872 1557; baseline 0 0"><span class='ocrx_word' id='word_1_593' title='bbox 1854 1530 1872 1557; x_wconf 73' lang='grc' dir='ltr'>Γ»</span> 
     </span>
    </p>
   </div>
   <div class='ocr_carea' id='block_1_28' title="bbox 1857 1889 1872 1916">
    <p class='ocr_par' dir='ltr' id='par_1_28' title="bbox 1857 1889 1872 1916">
     <span class='ocr_line' id='line_1_61' title="bbox 1857 1889 1872 1916; textangle 90"><span class='ocrx_word' id='word_1_594' title='bbox 1857 1889 1872 1916; x_wconf 47' lang='lat' dir='ltr'>*l</span> 
     </span>
    </p>
   </div>
  </div>
 </body>
</html>
