2147 3046
319 158 380 187 246
920 150 1114 179 SYMMACHI
1132 149 1342 178 EPISTVLAE

266 253 301 281 Π
324 249 491 282 sententia.
539 259 613 279 nam
637 247 847 288 Lampadium
871 257 897 278 c.
924 257 966 277 m.
994 257 1024 277 v.
1050 256 1112 278 non
1143 256 1244 286 usque
1275 246 1317 277 ad
1347 248 1541 287 sepulturam
1572 250 1686 276 amnon
1716 245 1807 286 pensi
1830 245 1938 284 habui,

321 306 355 333 ut
385 302 466 333 solet
498 310 569 332 esse
593 300 762 331 multorum
787 299 908 330 caduca
931 302 962 330 et
986 297 1109 339 fragilis
1133 297 1288 335 adfectio,
1322 297 1378 329 sed
1401 307 1440 329 ex
1463 307 1500 329 eo
1523 297 1648 337 genitos
1671 300 1702 328 et
1723 297 1756 327 in
1780 297 1862 327 bona
1884 307 1943 337 pa-

321 358 411 384 terna
434 352 572 384 nitentes
596 354 770 392 propagato
794 360 901 382 amore
926 350 1109 390 conplet-lor.
1150 350 1208 380 hos
1231 349 1287 380 tibi
1311 349 1400 380 trado
1424 349 1464 380 ab
1488 349 1573 380 omni
1588 348 1705 379 iniuria
1720 347 1938 379 vindicandos.

320 414 449 445 quaeso,
479 407 512 434 ut
534 403 637 434 vicem
661 412 775 441 meam⁷
804 401 829 433 si
855 410 931 432 usus
955 401 1073 440 tulerit,
1100 400 1204 432 iustus
1227 400 1345 431 arbiter
1364 400 1543 440 exequaris.
1586 400 1718 431 multum
1735 399 1830 431 huius
1844 399 1943 430 bene—

321 455 383 487 tieii
406 454 585 496 impetratio
609 454 640 485 in
664 457 749 485 tuam
774 453 913 485 laudem.
939 453 972 484 in
996 463 1099 484 meam
1123 452 1258 493 gratiam
1284 452 1488 493 promovebit.
1964 461 1976 479 5

975 598 1100 630 XXXV
1124 598 1287 638 (xxxm.

275 691 307 720 F
410 687 527 718 Multas
557 686 639 718 inter
669 696 726 717 nos
756 685 930 717 officiorum
962 684 1049 716 vices
1079 684 1238 716 scribendi
1268 684 1467 715 cunctatione
1498 682 1712 725 perdidimus:
1750 693 1812 714 non
1841 683 1945 714 sinam

322 739 453 780 produci
477 738 604 778 longius
628 747 793 769 commune
817 737 979 768 delictum.
1027 736 1160 767 adsumo
1183 735 1281 776 igitur
1304 735 1381 766 mihi
1404 735 1545 775 religiosi
1569 734 1708 766 muneris
1731 738 1837 775 partes
1860 733 1946 775 prio—

322 800 388 829 res.
425 794 456 821 et
487 790 514 821 si
546 789 665 820 referre
698 789 796 820 rerba
820 788 1001 826 distuleris,
1036 798 1097 819 non
1121 787 1249 818 mutabo
1273 787 1479 828 propositum,
1527 789 1601 818 tuae
1625 785 1864 817 deliberationis
1888 785 1947 817 erit

322 841 526 882 intercapedo
556 841 718 882 rescripti,
756 841 849 871 modo
879 843 912 871 ut
941 839 1141 877 memineris,
1179 839 1396 870 adceleratum
1427 838 1550 878 gratiae
1579 848 1742 869 recursum
1771 837 1946 868 voluntatis
1970 848 1995 867 ¹0

322 893 414 933 signa
437 893 609 934 praeferre,
638 901 742 923 serum
767 890 981 922 necessitatis.
1025 891 1105 921 satis
1128 890 1206 921 mihi
1229 890 1339 922 videor
1361 889 1578 921 instaurandis
1602 888 1798 920 commerciis
1822 889 1946 920 littera-

322 955 389 975 rum
420 945 560 976 loeutus:
596 943 719 983 aliquid
750 953 852 974 sermo
876 946 984 974 noster
1007 941 1142 983 portanti
1166 941 1289 973 litteras
1313 952 1402 973 meas
1426 941 1570 972 utilitatis
1595 940 1691 971 debet
1713 939 1850 971 adferre.
1899 943 1947 971 est

323 996 406 1027 enim
437 996 515 1026 mihi
548 994 716 1026 familiaris
747 994 928 1034 dignusque
951 993 1127 1035 patrocinio
1151 996 1221 1024 tuo:
1257 1003 1350 1033 quem
1375 993 1401 1024 si
1425 992 1551 1034 placido
1575 1002 1628 1023 ore
1651 991 1848 1032 respexeris,
1884 991 1947 1022 for-

322 1051 416 1078 tunas
441 1057 516 1078 suas
541 1047 679 1078 crevisse
702 1045 866 1086 gaudebit.

962 1191 1102 1222 XXXVI
1125 1190 1288 1229 (XXXJID
1299 1215 1304 1220 .
1970 1201 1998 1219 15

409 1279 532 1310 Taceas
557 1279 631 1309 licet
655 1281 685 1309 et
710 1277 893 1308 salutationi
917 1277 1109 1318 respondere
1133 1276 1333 1308 dissimules:
1361 1286 1532 1315 numquam
1557 1286 1607 1307 me
1631 1286 1649 1306 a
1673 1275 1822 1315 religioso
1845 1274 1948 1306 officio

324 1330 526 1363 demovebis:
564 1329 719 1361 excudam
745 1328 950 1368 quandoque,
979 1332 1013 1360 ut
1035 1328 1094 1359 hac
1118 1328 1329 1360 obstinatione
1354 1327 1503 1359 decedas.
1552 1327 1673 1358 interea
1695 1327 1834 1358 nondum
1858 1336 1949 1358 rccu-

323 1385 434 1422 perata
466 1380 582 1412 fiducia
606 1381 652 1412 tui
675 1380 782 1411 audax
806 1390 919 1411 munus
944 1380 1120 1420 ingredior:
1156 1379 1376 1410 commendare
1400 1379 1483 1410 enim
1508 1379 1564 1410 tibi
1588 1379 1682 1410 huius
1706 1378 1813 1419 scripti
1836 1378 1948 1409 studeo

323 1436 492 1471 vectorem,
520 1433 667 1464 iuvenem
691 1432 860 1473 graw'tatis
884 1436 1016 1463 exactae
1040 1431 1180 1472 mihique
1205 1431 1325 1462 dudum
1349 1431 1515 1472 probatum
1539 1441 1595 1474 per
1610 1430 1744 1462 honesta
1760 1430 1949 1461 documenta

323 1494 381 1516 nce
410 1484 628 1525 inexpertum,
663 1483 689 1514 si
720 1487 804 1514 recte
836 1483 983 1516 aestimo,
1017 1482 1135 1514 iudicio
1164 1486 1232 1520 tuo;
1268 1482 1345 1523 quia
1376 1491 1506 1514 securus
1537 1482 1622 1514 vitae
1646 1486 1677 1513 et
1699 1481 1832 1513 militiae
1856 1484 1948 1513 vetus
1969 1491 1998 1511 20

323 1546 494 1576 numquam
527 1535 645 1575 refugit
674 1545 807 1566 examen
839 1534 1048 1575 superiorum.
1098 1534 1155 1566 sed
1186 1534 1236 1565 fac
1267 1533 1468 1565 mediocriter
1496 1544 1516 1565 a
1546 1537 1576 1565 te
1606 1533 1689 1565 bona
1718 1533 1854 1564 hominis
1877 1543 1948 1564 csse

325 1591 507 1629 perspecta,
546 1587 595 1618 sas
619 1596 680 1617 non
704 1590 768 1625 est,
804 1586 829 1617 si
855 1586 931 1626 quid
955 1585 1067 1617 tribuis
1092 1585 1250 1618 amicitiae
1274 1589 1418 1623 nostrae,
1454 1589 1488 1617 ut
1511 1589 1581 1626 post
1604 1585 1820 1617 testimonium
1844 1595 1948 1616 meum

325 1644 486 1679 tamquam
510 1648 610 1670 novus
634 1638 756 1670 amicus
780 1638 836 1669 tibi
860 1637 1002 1669 accedat.

949 1784 1105 1815 xxxvii
1129 1783 1324 1823 Ἰ,ΧΧΧΠΠμ

273 1876 306 1904 Π
413 1871 537 1902 Pendeo
567 1870 673 1901 animo
706 1879 804 1909 usque
835 1870 877 1901 ad
907 1870 1098 1901 valetudinis
1127 1874 1201 1901 tuae
1232 1869 1392 1900 nuntium:
1430 1879 1502 1900 nam
1534 1868 1666 1899 infirmis
1694 1869 1798 1900 adhuc
1828 1868 1948 1900 viribus
1970 1878 1999 1898 25

325 1923 387 1955 tuis
410 1923 551 1954 laborem
577 1922 662 1961 longi
686 1921 809 1952 itineris
832 1921 1000 1952 addidisti.
1047 1931 1103 1952 nec
1127 1931 1257 1962 possum
1282 1931 1378 1962 super
1403 1920 1459 1951 hoc
1483 1920 1727 1952 commeantium
1752 1920 1950 1951 sermonibus

326 1985 397 2006 esse
426 1978 608 2006 mutemus:
645 1974 803 2015 siquidem
828 1973 927 2004 maior
950 1972 1088 2004 adfectio
1112 1972 1203 2004 falsis
1226 1976 1371 2003 accenset
1394 1972 1491 2002 dubia
1514 1982 1684 2003 rumorum.
1732 1976 1866 2012 expecto
1889 1971 1950 2012 igi-

326 2030 376 2057 tur
400 2027 540 2059 litteras.
568 2037 699 2067 quarum
725 2026 804 2057 tides
828 2025 974 2066 adportet
998 2024 1075 2055 mihi
1101 2024 1140 2056 de
1163 2028 1194 2056 tc
1218 2028 1336 2055 certam
1361 2023 1574 2055 securitatem.
1624 2023 1649 2054 si
1674 2023 1749 2063 quid
1772 2023 1841 2064 ipse
1865 2033 1951 2054 meo-

327 2088 393 2109 rum
425 2081 550 2109 actuum
583 2078 663 2109 scire
694 2077 855 2118 postulas.
889 2077 929 2107 ab
961 2076 1118 2117 epistulae
1151 2076 1307 2117 perlatore
1339 2085 1521 2115 cognosces.
1570 2078 1619 2106 est
1648 2074 1731 2106 enim
1764 2074 1853 2106 nobis
1877 2084 1951 2105 con-

327 2129 547 2160 ciliatissimus
577 2130 616 2160 ob
648 2129 731 2160 vitae
756 2128 970 2169 integritatem
995 2127 1173 2168 dignusque
1198 2138 1248 2159 me
1272 2130 1370 2166 teste.
1404 2126 1456 2167 qui
1481 2126 1591 2158 sedulo
1615 2126 1727 2157 domus
1751 2130 1825 2157 tuae
1849 2125 1951 2157 culto—
1971 2139 2000 2154 :m

327 2181 413 2212 ribus
436 2181 603 2212 inseratur.

417 2329 425 2352 l
451 2326 625 2359 Lampadium]
645 2327 749 2352 Lectius,
772 2328 889 2356 lampium
910 2326 956 2355 (ll)
1092 2333 1171 2355 usque
1190 2327 1218 2348 ad
1239 2326 1393 2355 sepulturam
1412 2329 1510 2348 tanturn
1531 2323 1614 2357 pensi]
1633 2332 1683 2353 εῃι).
1706 2331 1784 2353 usque
1804 2324 1832 2347 ad
1852 2331 1950 2354 saepem

327 2373 347 2395 si
370 2371 397 2401 F,
418 2379 497 2401 usque
517 2372 620 2400 adpensi
641 2371 667 2393 Il
773 2371 786 2392 :5
807 2368 958 2401 conplector]
979 2370 1082 2394 Iuncus,
1104 2370 1254 2398 contemplor
1285 2368 1342 2398 HF>

414 2416 428 2437 ἐ)
448 2415 522 2437 uerba
541 2421 588 2437 om.
606 2413 642 2436 Ρ]
771 2413 800 2436 ll)
821 2414 936 2435 uoluntas
957 2414 1035 2435 seruit
1055 2414 1179 2442 praeferre
1199 2413 1269 2441 signa
1289 2413 1446 2435 necessitatis
1467 2410 1503 2433 F‘3
1629 2411 1652 2434 11
1676 2409 1827 2442 litterarum]
1849 2411 1874 2439 Γ,
1896 2411 1950 2440 epi-

328 2459 447 2480 stularum
469 2457 509 2487 (Γ)
628 2456 656 2479 12
677 2457 770 2485 aliquid
789 2463 869 2478 sermo
888 2470 921 2472 fi
945 2456 972 2478 13
993 2460 1034 2478 tuo
1053 2455 1139 2487 quem]
1158 2456 1193 2480 11.
1215 2456 1324 2485 denique
1343 2455 1445 2484 probum
1465 2455 1611 2478 familiarem
1632 2457 1725 2483 tuoque
1745 2454 1878 2483 patrocinio
1897 2454 1951 2482 dig-

328 2508 388 2523 num
410 2501 430 2522 F
534 2500 561 2523 11
583 2497 703 2531 vreuisse]
723 2500 757 2523 ΙΙ,
780 2506 828 2521 om.
846 2499 867 2520 F
971 2500 1024 2521 nale
1044 2498 1101 2521 add.
1120 2499 1140 2521 F

417 2543 446 2566 lo
466 2544 639 2566 salutationem
660 2542 684 2565 Γ
784 2540 874 2573 ol'llcio]
893 2542 930 2568 ΙΙ,
951 2542 1034 2564 studio
1057 2542 1076 2563 F
1183 2541 1209 2564 17
1231 2542 1372 2564 ‹limouebis
1387 2540 1422 2569 IL
1444 2542 1584 2563 remouebis
1599 2540 1633 2562 F¹
1740 2538 1872 2571 excudam]
1892 2539 1948 2567 IIF,

328 2586 465 2609 extundain
487 2585 510 2608 Γ
619 2590 643 2607 ut
665 2586 694 2607 ab
715 2585 758 2607 liae
777 2585 925 2607 obtinerotie
956 2592 966 2607 s
984 2584 1041 2607 (uid.
1063 2592 1137 2613 supra
1157 2588 1166 2607 t
1186 2587 1201 2607 ζ)
1214 2585 1257 2607 nm
1280 2585 1391 2607 discedas
1413 2583 1448 2606 Fss
1560 2584 1680 2606 11111111111111
1701 2583 1746 2606 llll
1865 2582 1892 2605 1⁸³
1913 2584 1950 2605 in-

328 2628 436 2660 gredior]
457 2629 490 2653 ΙΙ,
513 2629 637 2657 ingrediar
657 2629 677 2650 F
779 2626 877 2659 studeo]
897 2627 969 2655 (I‘JF.
992 2634 1038 2650 om.
1054 2628 1081 2650 Jl
1186 2628 1215 2650 21
1237 2634 1341 2650 examen
1362 2625 1528 2658 superiorum}
1545 2626 1578 2651 Il,
1602 2631 1682 2648 tamen
1703 2626 1854 2655 superiorem
1876 2624 1919 2647 ΓκἼ

330 2672 498 2694 mediocritate
519 2670 552 2693 F?
657 2672 719 2693 bona
739 2670 844 2693 hominis
864 2677 919 2693 esse
939 2669 1079 2702 perspecta]
1101 2671 1213 2700 Lypsius,
1235 2672 1297 2693 bona
1317 2671 1441 2693 hominem
1461 2677 1515 2692 esse
1535 2673 1662 2699 perspecta
1679 2668 1719 2693 1³2.
1742 2670 1804 2691 bona
1824 2668 1950 2691 hominum

329 2722 384 2737 esse
404 2717 534 2744 perspecta
556 2714 597 2741 1³¹,
621 2714 745 2737 hominem
766 2721 820 2736 csse
841 2716 998 2743 perspectum
1020 2713 1059 2743 (Γ)
1167 2714 1198 2736 ‘22
1218 2712 1289 2745 quid}
1309 2720 1382 2743 quem
1405 2712 1439 2735 1³⁴2
1544 2712 1575 2735 23
1596 2713 1650 2735 nal«.¹
1669 2711 1727 2734 add.
1745 2713 1766 2733 F

415 2757 446 2780 25
467 2758 546 2787 pendo
567 2757 613 2785 (ΙΙ)
755 2756 888 2779 ualedunis
908 2756 934 2779 ΙΙ
1074 2756 1105 2779 27
1125 2755 1251 2789 accenset]
1269 2764 1325 2786 (μυ,
1353 2756 1449 2785 accepit
1469 2755 1525 2785 (Hb
1554 2762 1595 2784 pro
1614 2756 1684 2777 salsis
1703 2755 1799 2784 accepit
1818 2754 1917 2776 Modius

331 2803 421 2829 exopto
441 2799 480 2829 (s)
587 2799 618 2823 29
638 2798 779 2831 cognosces]
801 2800 905 2828 Iuram,
928 2806 1084 2827 recognosces
1105 2799 1151 2829 (II)
1258 2799 1285 2822 3]
1310 2797 1442 2830 inseratur]
1464 2799 1569 2822 luretus.
1591 2799 1711 2820 inferatur
1731 2797 1776 2826 (ΙΙ)
