2147 3046
916 158 1028 184 LIBER
1047 158 1111 184 IIII.
1765 161 1822 189 103

852 337 927 367 XVI
959 341 1033 368 ante
1049 347 1078 367 a.
1100 338 1172 367 395.

849 405 907 436 AD
932 404 1176 436 BAVTONEM.

290 492 375 522 Inter
398 492 569 532 praecipua
591 491 778 530 gaudiorum
808 500 937 521 numero
968 490 1088 521 litteras
1119 493 1191 521 tuas
1225 490 1348 521 scilieet
1379 490 1509 522 fraterni
1540 491 1636 522 animi
1667 495 1764 522 testes
1794 495 1825 523 et

205 553 279 574 vere
315 542 478 583 religionis
515 542 714 582 interpretes.
770 551 825 572 eas
856 546 972 582 quanto
1007 541 1136 582 saepius
1172 551 1278 579 sumo,
1317 545 1403 572 tanto
1433 542 1598 582 inpensius
1634 543 1823 583 uberiusque

173 604 184 620 ⁵
205 594 361 625 desidero.
411 593 550 624 difficilis
573 596 622 624 est
644 593 726 624 enim
752 593 882 624 satietas
906 603 1008 624 rerum
1031 593 1197 631 bonarum,
1227 597 1258 624 et
1281 596 1355 624 tune
1378 593 1515 624 maxime
1539 593 1660 624 animos
1685 594 1823 625 ineunda

158 1048 183 1066 10

159 1305 185 1323 15

157 1705 185 1724 20

160 2221 170 2239 :5
177 2222 188 2237 0

204 655 348 685 quaeque
373 645 559 683 sollicitant,
595 654 665 675 eum
689 644 837 676 videntur
860 644 998 685 explere.
1049 644 1149 675 seribe
1174 644 1287 684 igitur,
1322 647 1356 674 ut
1380 644 1478 682 facis,
1506 645 1650 685 saepius,
1678 655 1735 676 nee
1758 655 1825 676 me-

203 699 285 734 tuas,
312 706 351 727 ne
374 696 550 737 experiaris
573 696 741 736 ingratum.
768 706 862 736 quem
879 695 969 726 vides
993 700 1024 727 et
1047 695 1163 726 amoris
1188 699 1218 726 et
1242 695 1399 726 sermonis
1424 695 1468 725 tui
1492 705 1564 726 esse
1580 699 1643 726 tam
1661 695 1820 736 cupidum.

805 875 875 910 AD
912 874 1224 911 PROTADIVM.

886 951 977 982 XVII
1011 961 1040 982 a.
1061 952 1145 982 380¹?

290 1039 366 1069 Sum
389 1038 517 1078 quidem
542 1038 635 1068 nimis
659 1047 756 1077 aeger
778 1037 874 1068 animi
906 1041 937 1068 et
968 1047 1044 1077 prae
1076 1040 1162 1068 tanto
1193 1037 1279 1068 1110111
1311 1037 1467 1068 obeundis
1491 1037 1582 1077 inpar
1605 1037 1735 1073 officiis,
1771 1037 1826 1069 sed

204 1099 375 1128 numquam
399 1089 543 1120 fortunae
567 1089 598 1119 in
624 1099 673 1120 me
697 1092 818 1119 tantum
844 1088 958 1119 licebit.
988 1092 1021 1119 ut
1045 1088 1194 1119 honorem
1219 1092 1306 1119 tuum
1332 1088 1432 1119 vietus
1455 1099 1595 1119 maerore
1613 1089 1822 1120 dissimulem.

204 1139 396 1180 quinimmo
420 1140 469 1171 1115
493 1140 718 1171 delenimentis
747 1140 888 1171 remedia
919 1139 1041 1170 vulneri
1072 1149 1142 1170 meo
1174 1139 1266 1170 facio.
1316 1149 1397 1178 quae
1429 1139 1488 1170 etsi
1522 1150 1575 1179 pro
1607 1140 1826 1179 magnitudine

205 1191 320 1222 doloris
351 1191 493 1222 invalida
524 1195 612 1229 sunt,
649 1191 837 1222 medicinam
866 1194 971 1222 tamen
1002 1190 1078 1221 mihi
1110 1190 1366 1222 efficacissimam
1398 1191 1441 1221 tui
1474 1191 1630 1221 sermonis
1665 1192 1821 1230 adserunt.

203 1242 279 1282 quid
300 1245 475 1283 expectem,
505 1242 611 1274 vides,
644 1242 741 1274 redde
765 1252 904 1282 operam,
932 1242 958 1273 si
983 1242 1118 1280 videtur,
1148 1241 1308 1273 amicitiae
1326 1241 1476 1279 debitam,
1504 1251 1600 1282 aegro
1624 1242 1729 1273 animo
1754 1252 1826 1283 pro-

206 1293 353 1325 futuram.

881 1438 989 1468 XVIII
1024 1448 1053 1468 a.
1076 1439 1148 1468 396.

846 1507 901 1537 AD
927 1506 1185 1537 PROTADIVM.

291 1593 386 1624 Falso
410 1592 495 1633 apud
518 1602 568 1623 me
592 1591 728 1623 venandi
753 1592 858 1622 studio
883 1592 1046 1631 gloriaris,
1080 1602 1150 1623 011111
1182 1592 1325 1632 thymum
1351 1590 1520 1623 facundiae
1551 1592 1673 1632 spirent
1704 1592 1827 1624 litterae

205 1648 289 1675 tuae.
338 1654 377 1675 ne
407 1643 483 1674 mihi
514 1653 549 1674 os
580 1643 772 1674 subleveris!
809 1643 873 1674 alia
904 1643 974 1681 otii,
1010 1643 1075 1674 alia
1106 1643 1224 1683 negotii
1255 1643 1347 1683 signa
1378 1646 1460 1673 sunt.
1510 1653 1598 1674 aeres
1630 1644 1742 1674 herbas
1766 1644 1829 1675 olet

207 1695 356 1731 rusticus,
391 1695 463 1725 vino
495 1694 628 1726 anhelus
659 1698 707 1726 est
738 1705 856 1734 ganeo.
891 1698 1019 1725 nautam
1050 1694 1191 1734 sequitur
1221 1694 1378 1735 gravedo:
1416 1704 1468 1725 ros
1499 1695 1591 1725 amici
1617 1695 1826 1726 Camenarum

206 1746 297 1777 fiores
321 1746 451 1777 ructatis
475 1746 647 1777 Heliconis.
695 1756 774 1786 quas
799 1750 830 1777 tu
855 1746 944 1777 nobis
968 1746 1136 1786 indagines
1160 1747 1315 1787 leporum,
1350 1756 1428 1786 111105
1453 1746 1577 1777 natales
1602 1756 1715 1777 eanum
1739 1745 1818 1785 dies,

205 1807 286 1837 quae
310 1797 456 1828 venatica
480 1797 561 1828 festa
585 1797 726 1828 mentiris
735 1801 745 1827 ζ’
768 1807 882 1828 censen
909 1807 1004 1837 posse
1028 1808 1077 1828 me
1101 1797 1218 1828 retrahi
1235 1808 1254 1828 a
1271 1797 1465 1828 voluminum
1483 1797 1586 1828 studio
1603 1797 1634 1827 in
1653 1807 1708 1828 eas
1724 1801 1820 1836 artes,

206 1858 286 1889 quas
309 1848 365 1879 tibi
388 1849 545 1889 adrogas?
582 1858 622 1880 ne
646 1848 828 1889 primaevus
852 1848 993 1888 quidem,
1030 1859 1099 1879 eum
1124 1849 1219 1880 ferret
1242 1852 1350 1885 aetas,
1379 1849 1570 1888 Amyclaeos
1594 1852 1648 1879 aut
1673 1848 1824 1879 Molossos

207 1901 294 1931 alere
317 1900 443 1931 curavi:
471 1903 592 1931 tantum
617 1901 717 1937 abest,
746 1903 778 1931 ut
802 1900 881 1931 haee
904 1900 996 1930 annis
1020 1900 1051 1930 in
1077 1904 1236 1931 senectam
1254 1900 1458 1940 vergentibus
1476 1900 1581 1939 velim,
1610 1910 1653 1930 ea
1664 1910 1681 1930 11
1693 1899 1828 1930 didior

177 1965 188 1982 1,
209 1955 421 1992 postquam
447 1955 514 1982 ton
525 1951 639 1982 denti
663 1952 682 1981 b
693 1951 789 1982 arba
814 1952 995 1982 cadebat.
1032 1952 1087 1983 sed
1106 1952 1155 1983 fae
1171 1952 1255 1983 velle
1271 1962 1321 1982 me
1338 1951 1424 1982 obire
1440 1961 1673 1991 110111111111111111111
1691 1951 1826 1982 rusticas

208 2003 403 2043 voluptates:
440 2003 489 2033 eui
513 2002 640 2034 tandem
665 2003 835 2043 primorum
861 2006 991 2034 senatus
1015 2006 1104 2033 tanta
1128 2003 1303 2034 vacationis
1334 2002 1470 2034 felicitas
1502 2003 1657 2043 suppetit,
1692 2006 1725 2033 nt
1748 2002 1829 2033 inter

209 2053 330 2094 patriae
358 2063 450 2084 ouras
481 2054 615 2094 respiret
644 2064 739 2094 opere
769 2054 931 2085 silvestri?
975 2054 1145 2095 conperisti
1178 2054 1263 2084 haud
1294 2053 1413 2084 dudum
1444 2054 1668 2084 frumentarias
1693 2064 1828 2093 magnae

209 2105 295 2136 urbis
318 2105 493 2145 querellas:
522 2105 675 2136 suecessit
698 2105 770 2136 huie
794 2105 856 2136 olei
881 2106 1030 2146 penuria,
1063 2109 1094 2136 et
1117 2106 1222 2137 adhue
1245 2109 1352 2136 manet
1376 2105 1415 2136 de
1440 2105 1530 2145 fruge
1555 2105 1705 2136 causatio.
1755 2105 1829 2136 111110

209 2167 311 2188 rerum
336 2156 413 2187 fessi
436 2156 519 2187 viros
543 2156 649 2187 euriae
673 2160 793 2188 oratum
818 2157 957 2188 remedia
983 2157 1176 2196 legavimus,
1211 2160 1243 2188 et
1273 2166 1346 2197 spes
1376 2160 1439 2191 est,
1475 2156 1755 2187 clementissimum
1780 2156 1829 2187 di-

209 2208 379 2248 vinumque
410 2207 585 2248 principem
616 2208 747 2238 salutari
779 2218 838 2248 ope
869 2208 1084 2239 consulturum
1116 2208 1232 2248 petitis.
1281 2208 1400 2239 interea
1431 2208 1640 2239 laborantium
1672 2218 1828 2239 murmure

296 2302 326 2325 24
347 2301 432 2334 Verg.
453 2301 512 2327 Eel.
534 2301 545 2326 I
565 2302 605 2326 211.

298 2448 311 2470 2
331 2449 359 2470 ad
378 2448 526 2470 bautbonem
541 2448 569 2475 P,
590 2456 635 2470 om.
654 2449 674 2470 F
779 2449 792 2471 5
812 2449 922 2471 dil‘ticilis
937 2447 957 2472 l!
973 2452 1010 2471 cst
1028 2448 1048 2470 Ι)
1152 2450 1269 2471 bonarum
1284 2456 1363 2472 rerum
1380 2449 1400 2470 F
1503 2448 1515 2470 ἵ
1536 2456 1609 2477 quem
1625 2449 1694 2470 uides
1713 2456 1758 2471 om.
1779 2449 1798 2470 F

212 2499 265 2515 esse
284 2498 331 2514 0111.
348 2491 369 2512 F
471 2491 557 2520 cupide
578 2490 599 2512 P
613 2493 622 2513 l
638 2499 670 2513 m.

298 2536 311 2556 S
331 2533 413 2563 expliss
433 2534 461 2556 ad
480 2533 639 2556 bautbonem.
663 2540 690 2556 11.
713 2534 761 2556 ine.
783 2534 812 2556 ad
832 2534 971 2563 protadium
992 2534 1019 2561 Ι),
1042 2542 1087 2557 om.
1106 2535 1126 2556 F
1237 2534 1265 2557 13
1286 2535 1336 2557 sint
1357 2535 1453 2557 lurelus
1559 2533 1686 2565 adferunt]
1707 2534 1827 2559 Latinius,

212 2580 337 2607 quaerunt
352 2576 451 2604 Men-er,
473 2579 597 2599 auxerunt
613 2576 655 2598 PF
762 2576 789 2599 14
810 2577 883 2599 redde
904 2584 950 2599 om.
969 2576 994 2599 Γ
1093 2578 1220 2600 uidebitur
1237 2577 1291 2606 (F),
1313 2577 1371 2605 fort.
1389 2578 1462 2600 redde
1475 2584 1582 2606 operam,
1604 2584 1676 2605 qnam
1691 2578 1736 2599 tibi
1750 2577 1829 2599 detuli

300 2619 328 2642 15
348 2622 442 2647 tymum
463 2619 484 2641 P
589 2619 618 2642 19
638 2619 775 2642 subleuaris
796 2620 817 2642 P
832 2622 841 2642 I
857 2628 888 2642 111.
996 2628 1062 2643 aeres
1083 2621 1169 2643 herbas
1189 2618 1248 2652 olet]
1270 2620 1366 2647 Mercer,
1390 2620 1447 2642 haec
1467 2627 1504 2642 res
1525 2620 1600 2641 uerba
1619 2619 1681 2642 solet
1700 2619 1750 2647 PF,
1772 2620 1829 2641 bat·—

213 2670 250 2685 res
269 2663 344 2685 uerba
364 2662 426 2685 solet
446 2661 469 2684 Φ
582 2661 612 2684 20
632 2659 748 2692 anhellus
768 2662 788 2684 P
901 2661 950 2694 051]
972 2663 1028 2687 ΓΦ.
1061 2666 1141 2686 ructat
1161 2662 1180 2686 I
1294 2670 1387 2692 ganeon
1408 2666 1488 2685 autam
1511 2662 1538 2688 F,
1559 2669 1653 2691 ganeon
1673 2664 1774 2684 nautam
1795 2661 1825 2687 di,

211 2712 305 2735 ganeon
325 2707 408 2727 antem
425 2704 445 2726 P
549 2703 604 2736 uos]
626 2704 723 2732 Mercer,
745 2712 802 2728 suos
820 2705 887 2728 ΡΓΦ
991 2707 1122 2728 amicitiam
1138 2705 1162 2728 Γ
1263 2706 1291 2729 21
1314 2707 1372 2729 flore
1392 2706 1506 2735 fructetis
1522 2705 1548 2734 P,
1571 2706 1653 2728 florem
1673 2705 1784 2727 frmtatis
1800 2704 1825 2730 Γ,

212 2749 294 2771 florem
315 2749 416 2770 ructatis
437 2746 459 2769 Φ
564 2748 630 2776 diees
650 2747 671 2768 P
783 2747 814 2770 22
834 2747 938 2779 censen]
958 2748 1062 2777 Lectius,
1085 2752 1182 2771 cessent
1203 2749 1224 2770 P
1327 2748 1358 2771 23
1379 2749 1499 2776 amycleos
1520 2748 1539 2770 P
1644 2748 1675 2770 25
1695 2748 1759 2770 uelle
1780 2746 1829 2778 me]

213 2792 304 2814 uellem
325 2791 345 2813 P
359 2793 368 2813 1
384 2798 416 2812 m.
525 2790 556 2812 30
576 2788 713 2821 murmure]
734 2790 764 2817 (Ι),
786 2797 896 2813 murmur
916 2793 954 2812 est
974 2791 994 2813 P

1847 407 1911 436 PF

1848 1749 1866 1777 [ὑ
