2147 3046
746 193 795 218 DE
815 192 1008 218 sYMMACffl
1031 192 1232 217 EPlS‘rVLls.
1695 190 1806 220 XXIII

181 305 314 336 Ausonii
346 308 492 346 receptae
520 315 577 346 per
606 304 684 335 duos
715 304 819 335 fontes
849 303 940 335 nobis
968 303 1103 334 traditae
1132 306 1223 342 sunt,
1265 303 1318 342 qui
1351 303 1410 333 etsi
1439 312 1500 333 non
1531 313 1570 333 ex
1598 301 1809 342 autographis

182 365 369 406 scriptorum
404 365 507 404 duct-i,
548 364 622 396 inde
656 375 676 395 a
709 364 837 395 saeculo
872 367 978 394 tamen
1012 363 1119 403 quinto
1152 363 1282 393 ineunte
1318 361 1428 392 rivulis
1463 362 1599 393 diversis
1635 362 1803 393 fluxerunt.

182 434 291 456 omnes
325 428 430 456 autem
466 424 620 465 epistulas
656 427 727 464 post
758 427 888 454 mortem
924 423 1061 454 auctoris
1093 434 1112 454 a
1142 422 1179 460 Q.
1206 421 1305 452 Fabio
1336 421 1485 452 Memmio
1516 422 1707 462 Symmacho
1743 421 1807 452 filio

182 485 250 516 eius
285 485 387 516 editas
422 494 508 523 esse,
547 494 586 515 ex
620 483 878 524 inscriptionibus
912 483 1062 514 librorum
1093 482 1178 513 tertii
1210 481 1310 521 quinti
1342 481 1457 511 decimi
1492 482 1605 522 partim
1637 482 1668 512 in
1701 481 1807 512 codice

182 545 326 576 Parisino
350 544 463 586 partim
488 554 544 584 per
567 544 787 585 apographum
812 543 880 574 eius
897 543 1092 574 Divionense
1110 542 1244 573 servatis
1262 541 1471 580 diseimusw).
1520 545 1644 582 tempus
1661 541 1808 572 editionis

185 615 223 636 ea
256 615 289 636 re
323 603 482 643 definitur,
520 603 603 644 quod
633 603 788 644 epistulae
823 603 865 634 ad
894 603 1035 634 Attalum
1072 603 1141 641 (VII
1174 603 1304 641 [5—25}
1340 601 1372 632 in
1408 601 1625 632 collectionem
1661 604 1807 642 receptae

183 668 272 703 sunt⁷
311 673 392 703 quae
430 667 595 704 postquam
626 663 776 694 Alalieho
815 666 941 694 auctore
973 673 1002 693 a.
1030 664 1091 692 409
1126 672 1297 703 purpuram
1329 661 1479 701 sumpsit,
1523 665 1577 692 aut
1615 661 1716 692 omitti
1751 660 1809 691 de—

184 725 319 755 buerunt
349 726 403 754 aut
434 727 517 754 certe
548 723 808 764 inscriptionibus
838 723 972 763 privari,
1008 725 1042 753 ut
1069 722 1110 753 ad
1134 721 1307 752 Maximum
1332 724 1363 752 et
1386 720 1565 760 Eugenium
1590 720 1808 760 satellitesque

183 794 290 815 eorum
322 783 459 824 scriptae
493 786 548 814 aut
579 782 801 814 desiderantur
828 786 883 813 aut
914 782 995 813 inter
1027 791 1203 823 anonyinas
1234 781 1384 812 librorum
1410 780 1513 811 octavi
1537 784 1568 811 61
1591 780 1665 811 noni
1697 780 1807 811 latent.

184 843 268 884 quod
291 854 383 875 nemo
409 846 492 874 certe
516 843 604 874 casui
627 842 828 874 tribuendum
853 852 924 874 esse
949 842 1084 883 putabit,
1112 842 1165 882 qui
1186 840 1445 879 consideraverit,
1473 841 1594 871 nullum
1618 841 1649 871 in
1667 840 1811 881 epistulis

183 904 256 945 plus
287 904 456 944 nongentis
488 903 589 934 locum
622 903 768 944 reperiri,
803 902 857 942 qui
880 905 1022 943 apertam
1055 901 1383 933 commemorationem
1416 901 1581 931 honestam
1606 905 1810 941 tyrannorum

184 963 402 1003 contineatw).
452 974 521 994 cum
545 963 641 1003 igitur
664 962 703 1000 Q.
723 962 872 993 Aurelius
897 962 1108 1003 Symmachus
1132 972 1161 993 a.
1184 963 1244 991 402
1268 965 1409 992 mortuus
1434 961 1483 999 5117
1512 961 1719 1001 epistularum
1744 970 1812 991 cor-

185 1034 244 1064 pus
275 1024 357 1055 inter
387 1033 486 1054 1101105
510 1025 571 1053 403
596 1026 626 1054 61
650 1024 712 1053 408
743 1022 899 1063 prodiisse
925 1022 1030 1053 debet.
1079 1032 1136 1053 nec
1162 1031 1291 1062 parvam
1317 1021 1517 1060 diligentiam
1542 1020 1626 1051 tilius
1650 1020 1807 1052 adhibuit.

185 1094 254 1114 cum
287 1084 338 1124 pio
369 1083 498 1114 editoris
521 1093 650 1114 munere
682 1083 884 1122 fungeretur,
919 1092 991 1113 nam
1016 1082 1161 1122 quamvis
1185 1081 1286 1113 maior
1310 1081 1517 1122 epistularum
1551 1090 1700 1111 numerus
1725 1080 1811 1111 eius-

185 1144 269 1175 modi
301 1144 357 1180 511,
393 1147 426 1174 01
455 1143 496 1174 ad
527 1143 701 1183 quemlibet
732 1142 893 1174 hominem
925 1142 1005 1173 mitti
1030 1142 1207 1183 potuerint,
1243 1145 1274 1172 et
1297 1141 1509 1182 Symmachus
1533 1140 1601 1171 sine
1626 1140 1689 1171 ullo
1714 1140 1810 1171 dubio

185 1204 296 1235 eodem
320 1203 466 1244 exemplo
490 1202 531 1234 ad
555 1203 662 1243 plures
686 1213 922 1243 nonnumquam
947 1202 1123 1242 scripserit.
1152 1202 1183 1232 in
1208 1212 1246 1233 ea
1269 1205 1375 1233 tamen
1399 1201 1606 1241 epistularum
1631 1200 1811 1231 simillima-

186 1274 254 1294 rum
279 1263 370 1304 copia
393 1263 475 1294 duae
507 1267 627 1294 tantum
653 1263 711 1293 sub
735 1262 870 1293 diversis
903 1262 1082 1292 nominibus
1112 1262 1267 1302 repetitae
1299 1265 1385 1299 sunt,
1422 1261 1468 1291 III
1493 1264 1532 1291 40
1558 1275 1598 1286 z
1622 1261 1649 1291 V
1675 1263 1686 1290 1
1722 1264 1753 1291 et
1781 1260 1812 1291 ΙΙ

187 1326 224 1354 67
243 1338 282 1349 =
299 1323 359 1354 VII
376 1325 427 1354 53.
477 1323 533 1354 sed
557 1323 635 1354 haec
659 1322 829 1361 diligentia
852 1322 883 1352 111
908 1322 1040 1352 materia
1064 1321 1247 1361 colligenda
1264 1321 1414 1360 substitit,
1442 1321 1475 1351 in
1492 1320 1667 1360 digerenda
1691 1321 1811 1351 nullam

186 1393 313 1424 operam
346 1383 531 1421 collocavit,
566 1382 626 1413 nisi
658 1382 742 1422 1111011
774 1382 875 1413 editor
906 1382 1062 1422 epistulas
1086 1381 1127 1412 ad
1158 1381 1286 1412 eosdem
1316 1381 1461 1411 homines
1489 1381 1604 1411 missas
1636 1390 1692 1421 per
1715 1381 1812 1411 libros

187 1447 306 1484 septem
338 1444 457 1484 priores
490 1442 677 1484 composuit.
725 1446 892 1482 praeterea
921 1452 1023 1482 neque
1053 1442 1203 1482 temporis
1234 1441 1310 1471 ordo
1342 1441 1527 1472 observatus
1559 1445 1607 1472 est
1634 1451 1736 1481 neque
1761 1451 1809 1479 611,

186 1513 268 1543 quae
292 1508 479 1543 argumento
504 1503 691 1534 cohaerent.
724 1502 891 1533 coniuncta
915 1506 1003 1533 sunt:
1040 1502 1179 1542 exempli
1202 1501 1306 1541 gratia
1330 1501 1503 1542 epistulae.
1540 1501 1654 1541 1111111115
1680 1501 1812 1541 scriptor

187 1563 328 1595 Ausonio
354 1563 393 1594 de
418 1563 583 1594 consulatu
607 1566 738 1602 accepto
762 1562 940 1602 gratulatur
970 1562 992 1601 (I
1017 1563 1056 1591 2⁴)
1082 1566 1112 1593 et
1136 1562 1181 1591 22¹
1202 1588 1207 1592 .
1242 1571 1305 1592 uua
1329 1561 1546 1592 intercedente
1571 1561 1760 1592 dirimuntur
1784 1564 1814 1592 et

186 1623 231 1654 ita
255 1623 467 1661 collocantur,
495 1626 529 1653 111
551 1626 693 1663 1611111016
716 1621 870 1662 posterior
892 1621 1028 1662 priorem
1054 1621 1243 1662 praecedat:
1280 1621 1364 1660 110011
1387 1626 1420 1652 ut
1443 1625 1649 1661 agnoscatur.
1679 1631 1739 1651 11011
1764 1621 1813 1651 in—

187 1769 243 1784 men
266 1765 287 1784 le
311 1769 382 1784 casus
407 1763 498 1784 interea
522 1761 554 1783 ml
580 1762 645 1784 itlius
669 1761 795 1783 lectionem
816 1760 970 1790 perclureril,
1002 1760 1058 1782 liner·
1085 1762 1106 1782 te
1133 1760 1339 1788 praemonendum
1366 1762 1461 1789 putavi.
1500 1760 1561 1782 libra
1587 1762 1667 1789 primo
1690 1761 1757 1788 episi.
1780 1761 1812 1781 :lli

190 1806 265 1835 (nuuc
285 1805 325 1833 32)
348 1807 492 1834 impressum
511 1807 532 1826 et
552 1806 578 1826 in.
600 1804 716 1833 Giplumii
734 1805 902 1832 manuscripto
921 1804 999 1826 codiee
1019 1805 1134 1832 seriptum
1153 1805 1257 1825 visitur:
1288 1803 1340 1825 ‘lbi
1358 1811 1395 1826 me
1414 1806 1435 1826 et
1453 1806 1579 1832 parentem
1598 1806 1619 1825 εἰ
1639 1804 1762 1830 «unicum,
1790 1805 1812 1824 et

185 1849 205 1870 si
225 1847 283 1876 quid
301 1850 404 1877 utroque
423 1847 520 1870 charius
540 1850 581 1876 est,
604 1847 736 1870 chariorem
756 1847 832 1875 fuisse
851 1846 968 1869 reminis.
1007 1846 1047 1869 sea
1066 1847 1135 1874 lonye
1154 1848 1233 1868 *uerior
1251 1853 1304 1868 77160
1324 1848 1406 1868 animo
1427 1847 1495 1869 lectio
1516 1849 1557 1874 est,
1579 1853 1652 1875 quam
1665 1853 1692 1867 er
1706 1845 1812 1867 Fuldani

185 1893 207 1912 et
226 1890 363 1913 Bertiniani
389 1891 496 1914 coenobii
514 1890 660 1913 membranis
679 1891 794 1912 restituo:
832 1890 883 1912 klbi
902 1897 938 1912 me
958 1889 999 1912 libi
1018 1892 1038 1911 et
1056 1892 1158 1918 parente
1177 1892 1198 1911 et
1217 1891 1294 1911 amico
1315 1892 1336 1911 el
1355 1891 1374 1911 si
1395 1898 1416 1918 q.
1437 1896 1462 1911 u.
1484 1897 1504 1912 c.
1525 1892 1566 1917 est,
1588 1896 1607 1911 c,
1630 1889 1649 1917 s.
1671 1887 1757 1910 sensi'.
1778 1900 1812 1903 —

186 1932 252 1955 hunc
271 1934 346 1961 igitur
365 1934 444 1956 locum
465 1940 495 1955 ex
517 1934 622 1956 Ausonii
643 1933 749 1962 epistula
770 1933 930 1961 desumptum
953 1934 984 1962 ip.
1008 1932 1045 1957 ls,
1068 1932 1103 1959 10)
1129 1933 1259 1962 Scioppius
1279 1932 1308 1954 de
1329 1932 1467 1960 Symmachi
1488 1933 1597 1954 editione
1617 1939 1692 1960 agens
1711 1931 1812 1958 corrigit

186 1979 211 1998 et
236 1976 331 1998 codices
350 1976 486 2004 Symmachi
513 1979 561 1998 tam
582 1976 768 2006 Giphanianum
792 1983 866 2005 quam
886 1976 1038 1998 Fuldeusem
1064 1983 1119 1998 60ιο
1144 1976 1298 1998 continuisse
1324 1976 1394 1998 dicit.
1434 1978 1503 1998 extat
1527 1979 1611 1998 autem
1637 1975 1709 1997 testis
1734 1973 1811 1996 multo

186 2019 324 2048 antiquior,
354 2019 383 2041 de
409 2026 456 2048 quo
476 2019 552 2047 Vogel
572 2026 611 2041 1116
631 2020 758 2041 certiorem
779 2019 838 2041 fecit
857 2022 882 2041 et
903 2019 927 2041 in
948 2019 1058 2041 editione
1079 2019 1188 2041 Ennodii
1208 2019 1265 2041 huic
1287 2023 1502 2042 monumentorum
1522 2019 1659 2041 collectioni
1680 2016 1812 2040 inserenda

187 2062 268 2084 fusius
287 2065 388 2085 acturus
408 2065 458 2091 est3
485 2062 608 2091 siquidem
629 2063 758 2091 episcopus
779 2062 927 2091 ’Νι-11160515,
950 2069 1098 2091 quamquam
1119 2062 1213 2084 nullam
1233 2065 1360 2091 praeterea
1380 2063 1485 2084 Ausonii
1506 2062 1618 2084 notitiam
1638 2060 1727 2090 prodit,
1751 2060 1812 2081 lianc

187 2105 241 2127 eius
268 2105 400 2134 epistulam
426 2105 500 2127 simul
525 2112 579 2127 cum
599 2105 737 2133 Symmachi
759 2106 876 2135 operibus
901 2105 1051 2134 compilavit.
1092 2112 1173 2134 neque
1193 2108 1232 2127 est
1250 2112 1293 2127 cur
1313 2106 1443 2130 miremur,
1472 2106 1550 2127 lilium
1571 2104 1742 2127 testimonium
1762 2106 1811 2125 tam

186 2147 347 2170 honorificum
367 2149 421 2177 riri,
443 2149 485 2178 qui
505 2151 531 2171 et
549 2148 574 2170 in
594 2155 619 2171 re
638 2149 735 2177 publica
755 2152 779 2170 et
799 2149 823 2171 in
845 2149 935 2171 litteris
956 2156 1080 2171 summum
1101 2149 1139 2170 sui
1159 2149 1276 2177 temporis
1296 2149 1375 2171 locum
1395 2149 1544 2175 obtinuerat,
1567 2148 1596 2170 de
1616 2148 1691 2177 patris
1710 2147 1810 2175 ingenio

187 2191 212 2212 in
233 2197 320 2220 corpus
339 2191 503 2220 epistularum
523 2192 576 2213 eius
596 2191 727 2220 recepisse.

275 2233 315 2262 ⁴12)
342 2234 370 2262 O.
397 2234 481 2256 Aureli
506 2234 644 2262 Symmachi
662 2242 686 2256 υ.
707 2241 727 2256 ς.
754 2234 860 2256 consulis
884 2233 1003 2256 ordinarii
1026 2234 1183 2262 epistolarum
1208 2233 1266 2256 liber
1287 2234 1315 2255 II
1340 2234 1436 2262 erplicit
1463 2234 1541 2256 editus
1563 2236 1616 2262 post
1642 2235 1694 2255 eius
1718 2231 1811 2254 obitum

187 2284 201 2298 α
222 2275 251 2303 Q.
273 2276 348 2298 Fabio
370 2276 481 2299 Memmio
501 2277 643 2306 Syrianam-ho
662 2284 686 2299 υ.
707 2285 727 2299 c.
750 2277 815 2307 filit),
844 2278 928 2306 incipit
948 2277 1006 2299 tiber
1026 2277 1070 2298 III
1091 2277 1197 2305 feliciter
1215 2277 1241 2299 P.
1282 2276 1310 2304 O.
1333 2278 1394 2299 Aur.
1417 2276 1554 2306 Siminina-hi
1576 2284 1596 2299 ι’.
1619 2284 1639 2298 c.
1661 2273 1751 2307 c[ons.]
1771 2281 1810 2296 or-

188 2318 269 2341 dinari
294 2320 453 2348 epistolarum
477 2320 536 2342 liber
558 2317 625 2351 111[1
647 2317 769 2351 erplicit]‚
796 2321 880 2349 incipit
900 2320 959 2342 liber
982 2320 999 2341 Γ
1017 2320 1094 2342 editus
1113 2323 1165 2348 post
1184 2321 1235 2342 eius
1255 2320 1345 2342 obitum
1366 2328 1380 2341 a
1400 2319 1428 2347 O.
1452 2320 1511 2342 111ἱο
1533 2320 1584 2349 (sici
1609 2319 1720 2341 Memmio
1741 2317 1811 2346 Sym-

187 2361 269 2384 macho
291 2362 392 2391 feLiciter
412 2362 437 2385 P.
479 2362 506 2390 Q.
530 2363 624 2384 Aurelii
643 2362 781 2392 Symmachi
802 2363 957 2391 epistolarum
977 2363 1016 2385 lib.
1040 2363 1062 2384 X
1080 2364 1208 2385 continens
1226 2363 1338 2392 epistolas
1357 2362 1492 2391 familiares
1511 2362 1542 2384 acl
1562 2364 1728 2390 imperatores.
1758 2367 1812 2382 sen-

188 2406 277 2427 tentias
301 2406 435 2428 senatorias
461 2407 482 2427 et
508 2405 626 2433 opuscula
637 2414 644 2427 .-
668 2405 746 2428 editus
769 2408 823 2434 post
847 2407 898 2427 eius
917 2405 1007 2428 obitum
1027 2413 1040 2427 a
1062 2405 1090 2432 Q.
1114 2406 1198 2428 Flauio
1222 2406 1272 2435 (sie)
1298 2405 1409 2428 Memmio
1429 2405 1573 2434 81777177100110
1592 2414 1612 2428 v.
1636 2412 1655 2427 c.
1681 2402 1733 2434 (ll).
1771 2404 1811 2425 in-

190 2448 291 2477 scriptio
316 2448 443 2470 simillima
468 2449 494 2470 in
520 2448 631 2477 ssorilegii
657 2448 839 2477 exemplaribus
866 2449 994 2471 nonnullis
1020 2450 1044 2470 111
1065 2449 1137 2471 initio
1157 2449 1235 2472 totius
1254 2450 1359 2478 corporis
1379 2450 1502 2478 reperitur
1521 2452 1547 2471 ut
1567 2449 1591 2470 in
1612 2448 1723 2470 Parisino
1747 2445 1809 2468 1853

188 2498 251 2513 saec.
274 2490 350 2513 XIII:
380 2491 510 2513 Simmaehi
535 2492 582 2513 ruiri
605 2492 741 2514 consularis
761 2490 875 2521 eplarum
895 2494 915 2513 et
934 2491 1087 2514 diuersorum
1105 2493 1257 2520 neyotiorum
1275 2493 1400 2514 continens
1419 2490 1488 2520 eplas
1506 2492 1644 2521 familiares
1663 2490 1694 2512 ad
1713 2491 1809 2511 (uuicos.

189 2533 260 2562 Ιησίᾗ
279 2534 337 2556 liber
356 2532 384 2555 1⁹
401 2534 480 2557 editus
498 2536 550 2562 post
570 2535 621 2556 eius
641 2534 732 2556 obitum
752 2542 767 2557 α
788 2534 877 2561 Quinto
898 2535 983 2556 Flavio
1005 2534 1085 2556 Μέηἰο
1105 2534 1211 2557 eiusdem
1231 2534 1361 2557 Simmaehi
1380 2534 1437 2563 filio.

276 2576 317 2599 43i
338 2576 379 2604 66,
401 2576 433 2599 26
456 2579 581 2605 praeterea
606 2577 702 2599 domino
722 2580 743 2599 et
760 2578 868 2606 principi
887 2580 968 2600 nostro
988 2577 1019 2599 ud
1038 2576 1192 2605 referendarii
1212 2578 1323 2606 Zaryitati
1342 2578 1392 2599 eius
1412 2577 1523 2599 sedulam
1541 2578 1619 2604 magiis
1640 2583 1711 2605 quam
1728 2581 1810 2604 parem

189 2621 303 2647 yratiom,
325 2626 386 2642 auro
406 2619 582 2642 circumdatum
602 2619 743 2648 diptychum
761 2621 825 2642 misi.
865 2620 905 2649 57,
930 2620 958 2643 13
977 2620 1106 2649 velimque.
1129 2621 1148 2642 si
1168 2621 1201 2642 ila
1222 2620 1294 2648 facile
1314 2619 1385 2647 factu
1399 2622 1441 2644 esi,
1464 2619 1524 2641 hanc
1537 2619 1726 2649 munificentiam
1740 2618 1811 2645 prin-

188 2663 248 2691 cipis
268 2662 416 2691 Libycarum
440 2662 568 2690 iaryitione
591 2664 691 2685 vitaturi.
733 2662 788 2691 1:37,
815 2663 843 2686 19
871 2664 961 2685 interea
981 2663 1078 2685 domino
1099 2665 1119 2684 et
1137 2664 1244 2692 principi
1263 2665 1345 2685 nostro
1365 2664 1460 2691 eiusque
1481 2663 1506 2684 in
1524 2670 1560 2683 me
1581 2661 1755 2690 beneficientiae
1775 2661 1812 2688 eyn*

186 2712 230 2734 per
248 2705 377 2734 epistularu
398 2706 490 2733 ymnus
509 2705 538 2727 ad
558 2705 701 2734 Eugenium
721 2706 822 2735 quidem
842 2706 969 2728 referenda
987 2710 1059 2734 sunt,
1086 2706 1128 2728 scd
1154 2705 1197 2727 hoc
1222 2713 1303 2735 neque
1323 2706 1401 2727 editor
1420 2711 1500 2734 neque
1521 2705 1598 2727 lector
1616 2711 1746 2732 agnoscere
1766 2709 1809 2732 po-

187 2750 298 2771 tuerunt.
337 2748 478 2776 Eugenium
498 2748 578 2770 virum
597 2748 763 2771 clarissimum
784 2749 918 2771 Ricomeris
938 2749 1043 2771 amicum
1067 2748 1115 2777 169,
1138 2750 1178 2771 20.
1202 2748 1241 2777 26)
1265 2749 1371 2771 eundem
1391 2749 1483 2775 tuisse,
1508 2748 1549 2777 qui
1571 2751 1656 2776 postea
1675 2753 1809 2776 purpuram

188 2791 303 2819 sumpsit,
326 2798 406 2820 neque
425 2791 549 2813 affirmare
570 2798 652 2820 neque
671 2798 759 2820 negare
779 2792 873 2820 ausim,
896 2791 920 2813 id
941 2794 1024 2814 autem
1044 2798 1087 2821 pro
1107 2794 1172 2813 certo
1186 2791 1340 2820 pronuntiari
1355 2793 1443 2820 potest,
1466 2790 1609 2812 Memmium
1626 2789 1809 2817 Symmachum,

187 2840 242 2856 cum
261 2833 304 2856 has
323 2834 443 2863 epistulas
462 2834 590 2861 relegeret,
611 2834 640 2856 de
660 2836 763 2862 tyranno
784 2841 832 2857 nou
852 2835 980 2862 cogitasse.
