2147 3046
791 183 803 208 I
823 183 922 207 89-93
943 182 994 208 AD
1015 181 1221 207 ANTONIVM.
1743 181 1815 213 CIX

200 296 316 327 honore
340 295 493 327 functum.
541 294 669 326 Antonii
693 304 768 334 ergo
793 296 996 334 quaesturam
1020 292 1102 323 inter
1124 292 1277 332 Eupraxii
1301 295 1331 323 et
1354 292 1485 323 Ausonii
1508 296 1650 333 tempora
1681 292 1817 324 colloca—

198 355 313 386 bimus.
361 355 394 386 in
417 355 616 396 praefectura
639 353 795 395 praetorio
819 352 1056 391 Galliarum⁵¹³)
1086 351 1239 383 successit
1262 351 1433 382 Maximino
1456 352 1537 383 inter
1561 352 1592 383 d.
1622 354 1658 383 16
1680 353 1813 393 Apum-¹)

199 418 229 446 et
252 417 290 445 23
316 415 390 446 Mai.
417 425 447 446 a.
467 416 586 454 376515)
614 414 780 453 locumque
804 412 893 444 dedit
916 411 1055 443 Ausonio
1086 411 1168 443 inter
1190 411 1221 442 d.
1253 413 1288 442 12
1312 411 1379 442 Ian.
1407 415 1438 443 et
1462 413 1501 441 20
1525 412 1601 452 Apr.
1627 422 1656 443 a.
1678 413 1812 451 378518).

197 477 269 515 post
292 475 489 506 consulatum
512 484 594 505 anno
619 475 679 504 382
703 476 828 512 gestum
852 472 942 502 nulla
966 471 1034 503 eius
1058 471 1175 504 mentio
1199 471 1363 512 reperitur.
1411 471 1593 511 tragoedias
1617 482 1688 503 eum
1717 471 1817 513 scrip-

198 534 287 573 sisse,
317 534 526 575 Symmachus
550 532 690 564 indicare
714 532 912 570 videtui-⁵¹⁷).

282 758 321 787 89
346 756 384 788 de
408 756 549 788 oratione
573 756 604 786 in
628 758 739 786 senatu
764 755 895 786 recitata
919 754 1129 795 Symmachus
1153 753 1271 785 iudicia
1295 753 1455 785 hominum
1480 753 1617 794 collegit,
1650 753 1733 794 quod
1757 754 1817 785 nisi

195 817 227 848 iu
252 817 328 848 urbe
351 817 423 857 ipsa
446 816 551 848 facere
576 815 726 856 nequivit.
777 814 943 846 dimidium
967 817 1072 845 autem
1098 814 1165 845 eius
1190 814 1355 854 temporis,
1389 824 1450 854 quo
1474 813 1643 844 Antonium
1668 817 1819 854 quaestu—

196 887 261 908 ram
287 887 397 917 gerere
420 875 571 918 potuisse,
600 885 697 916 supra
721 875 859 906 vidimus
888 876 926 914 (a.
955 876 1147 911 :wo—375),
1176 877 1279 906 orator
1301 877 1409 905 noster
1431 874 1462 904 in
1486 873 1595 905 Africa
1619 873 1818 914 proconsulis

196 947 326 968 munere
349 936 542 977 fungebatur
570 937 608 975 (a.
637 937 831 974 373—375).
881 935 998 975 scripta
1021 934 1117 975 igitur
1140 938 1188 966 est
1211 934 1351 975 epistula
1373 934 1454 965 inter
1478 943 1578 965 annos
1603 935 1664 964 370
1688 937 1719 965 et
1743 935 1815 964 373.

282 998 322 1027 92
354 1001 385 1027 ut
416 1001 440 1027 te.
471 998 553 1026 curis
582 996 710 1036 puhlicis
741 1000 915 1035 occupatam
949 996 989 1024 ml
1025 995 1216 1034 rependenda
1247 996 1403 1034 conloquia
1434 995 1617 1024 adsiduitate
1651 995 1815 1024 sollicitem.

196 1056 339 1088 ultimum
364 1065 478 1087 munus
502 1055 672 1097 publicum⁷
700 1055 785 1095 quod
807 1055 964 1086 Antonius
987 1054 1098 1095 gessit.
1126 1054 1273 1095 deposuit
1295 1054 1404 1095 primis
1428 1053 1503 1084 anni
1527 1055 1587 1084 378
1612 1053 1785 1085 mensibus.

718 1287 734 1326 I
763 1286 923 1327 94407
953 1286 1013 1325 AD
1044 1286 1295 1326 SYAGRIVM.

281 1383 385 1414 Flavii
409 1382 536 1424 Syagrii
560 1382 686 1413 saeculo
710 1385 822 1422 quarto
847 1384 982 1413 exeunte
1008 1380 1134 1412 fuerunt
1158 1380 1229 1414 duo,
1258 1380 1310 1421 qui
1334 1390 1371 1411 eo
1395 1380 1559 1412 difficilius
1584 1380 1814 1417 discernuntur,

196 1444 270 1485 quia
293 1443 444 1484 deinceps
476 1443 568 1474 annis
600 1444 655 1473 351
690 1445 721 1473 et
752 1443 812 1472 382
842 1441 970 1473 trabeas
1002 1441 1186 1472 consulares
1218 1442 1496 1481 sumpseruntfflss).
1544 1440 1679 1471 alterum
1712 1450 1819 1471 eorum

195 1503 325 1535 Afranio
346 1513 470 1544 quoque
491 1502 655 1543 gentilicio
677 1511 778 1541 usum,
803 1511 894 1542 quem
917 1511 1011 1532 avum
1029 1504 1203 1532 maternum
1220 1500 1369 1531 Tonantii
1386 1500 1525 1532 Ferreoli
1543 1500 1636 1531 amici
1658 1500 1706 1531 sui
1723 1499 1821 1540 Apol-

196 1564 305 1595 linaris
322 1563 472 1595 Sidonius
495 1562 732 1603 praedicat-’2¹⁹2
760 1562 896 1593 eundem
921 1571 991 1593 esse
1016 1571 1085 1592 cum
1104 1561 1360 1601 Symmachiano
1388 1571 1426 1592 ex
1452 1560 1661 1601 praefecturis
1677 1560 1717 1591 ab
1736 1563 1821 1590 utro—

196 1634 256 1665 que
281 1623 432 1664 scriptore
457 1622 709 1654 commemoratis
734 1621 870 1653 efficitur
881 1622 943 1661 ⁵2⁷⁰),
973 1632 1044 1652 nani
1070 1621 1268 1661 cognominis
1285 1621 1363 1659 eius,
1391 1620 1475 1660 quod
1492 1620 1619 1659 scimus,
1647 1630 1819 1659 numquam

197 1683 379 1725 praefectus
403 1682 561 1724 praetorio
586 1682 656 1713 fuit.
705 1693 766 1722 quo
796 1686 936 1722 tempore
966 1684 1071 1713 autem
1102 1681 1157 1712 ille
1182 1680 1363 1721 Symmachi
1396 1680 1518 1711 amicus
1550 1680 1658 1711 consul
1691 1679 1818 1719 prodiit,

284 1839 343 1869 513)
366 1839 424 1862 Cod.
448 1839 540 1862 Theod.
563 1839 599 1861 IX
619 1838 659 1867 35,
681 1838 709 1865 2;
732 1838 794 1860 xm
815 1837 837 1867 3,
862 1837 900 1860 11.

283 1882 340 1912 514)
363 1882 422 1905 Cod.
444 1881 535 1905 Theod.
558 1882 594 1904 IX
618 1881 655 1910 19,
677 1880 699 1904 4.

284 1925 342 1954 515)
364 1925 422 1948 Cod.
445 1924 537 1947 Theod.
560 1924 621 1947 XlIl
643 1924 673 1953 3,
697 1924 735 1947 11.
775 1926 902 1953 praeterea
927 1930 1016 1946 nomen
1043 1924 1095 1945 eins
1121 1923 1298 1952 praescribitur
1323 1922 1542 1945 constitutionibus
1567 1921 1619 1943 his:
1650 1921 1673 1944 d.
1698 1920 1726 1943 17
1750 1920 1819 1949 Sept.

197 1977 218 1992 a.
241 1969 289 1992 376
315 1968 375 1991 Cod.
397 1967 491 1992 Theod.
513 1968 547 1990 IX
568 1967 616 1995 35,
638 1967 662 1991 2.
701 1967 724 1990 d.
746 1966 760 1990 t}
781 1968 833 1989 Ian.
855 1974 876 1990 a.
899 1966 946 1989 377
974 1965 1032 1989 Cod.
1055 1966 1147 1989 Theod.
1170 1967 1177 1988 I
1202 1965 1245 1993 l5,
1268 1965 1291 1989 Τ.
1330 1965 1353 1988 d.
1376 1964 1407 1988 28
1428 1965 1476 1987 Iul.
1499 1972 1519 1986 a.
1543 1963 1590 1986 5377
1617 1964 1675 1986 Cod.
1697 1963 1788 1986 Theod.
1812 1964 1820 1985 l

201 2012 239 2037 16,
264 2011 301 2034 13.
341 2011 365 2035 d.
389 2010 418 2034 12
438 2012 491 2033 Ian.
512 2018 533 2033 a.
556 2010 604 2033 378
625 2011 683 2034 Cod.
706 2010 799 2033 Theod.
822 2010 857 2032 IX
877 2009 917 2039 20,
943 2009 951 2032 l
976 2011 1006 2038 -1-
1027 2009 1062 2031 XI
1084 2008 1124 2037 39,
1148 2008 1170 2033 7.
1210 2009 1311 2031 vitiosae
1339 2011 1399 2030 sunt
1425 2008 1483 2030 Cod.
1506 2008 1566 2030 lust.
1589 2007 1612 2029 II
1633 2007 1657 2035 7,
1678 2006 1691 2029 2
1718 2009 1743 2029 et
1762 2006 1819 2029 Cod.

198 2055 289 2078 Theod.
307 2054 343 2077 IX
357 2054 397 2083 40,
417 2053 459 2083 123
482 2060 538 2076 nam
558 2054 634 2077 altera
653 2054 710 2076 data
730 2060 784 2077 esse
804 2054 882 2076 fertur
901 2053 925 2076 d.
944 2052 972 2076 18
988 2053 1050 2081 Aug.
1067 2060 1088 2075 a.
1105 2052 1153 2075 375
1174 2052 1317 2080 Ravennae,
1338 2052 1414 2074 altera
1434 2051 1457 2074 11.
1473 2051 1504 2073 30
1520 2051 1579 2073 Now
1595 2057 1617 2073 a.
1634 2049 1681 2073 378
1701 2049 1820 2076 Treviris,

197 2099 290 2128 quibus
309 2098 463 2127 temporibus
484 2096 618 2119 Gratianus
638 2098 662 2119 in
684 2097 780 2125 Illyrico
803 2097 894 2119 (Amm⁴
916 2096 1002 2118 XXXI
1026 2095 1064 2125 11,
1082 2095 1105 2124 G)
1128 2096 1165 2117 vel
1185 2095 1260 2117 etiam
1280 2096 1305 2117 in
1326 2094 1434 2117 Thraciis
1457 2094 1559 2116 (Aumn.
1581 2095 1642 2121 grat.
1659 2095 1705 2115 act.
1725 2091 1762 2119 18,
1780 2091 1819 2120 82)

198 2142 284 2170 agebat
309 2147 390 2170 neque
410 2140 532 2162 Antonius
558 2142 706 2169 potestatem
731 2140 869 2168 retinebat3
898 2141 925 2161 ut
949 2139 978 2161 de
1002 2145 1029 2161 eo
1057 2141 1163 2167 taceam,
1188 2138 1252 2167 quod
1274 2137 1333 2160 Cod.
1355 2137 1447 2160 Theod.
1470 2136 1504 2159 IX
1525 2135 1564 2164 40,
1590 2135 1619 2159 12
1639 2135 1668 2158 de
1688 2134 1823 2164 Campania

198 2184 316 2213 loquitur⁷
339 2190 402 2212 quae
421 2183 450 2205 ad
470 2183 622 2211 praefectum
642 2183 761 2212 praetorio
781 2182 917 2204 Galliarum
937 2182 1006 2204 nulla
1026 2182 1117 2203 ratione
1137 2180 1286 2210 pertinebat.

287 2225 344 2255 516)
366 2225 426 2249 Cod.
448 2225 539 2248 Theod.
561 2225 622 2247 VIII
644 2225 666 2253 5,
689 2225 729 2248 35⁴

285 2267 343 2297 517)
365 2268 405 2298 36,
427 2268 459 2292 23
479 2267 624 2296 facundiam
644 2270 711 2291 luam
729 2269 809 2290 curiae
828 2269 905 2296 mayis
925 2275 1012 2297 quam
1031 2274 1146 2289 caueae
1164 2267 1299 2289 convenire.

287 2311 344 2339 518)
367 2311 403 2334 De
422 2311 503 2339 Rossi,
525 2312 641 2341 Inscript.
664 2311 748 2334 christ.
772 2311 824 2334 urb.
848 2311 915 2333 Rom.
939 2310 987 2333 303
1009 2311 1045 2332 Fl.
1068 2310 1172 2339 Syayrio
1191 2312 1212 2331 el
1232 2309 1346 2338 Eucerio,
1369 2309 1399 2331 cf.
1423 2307 1481 2331 1304.
1503 2308 1561 2331 305.
1583 2320 1617 2323 —-
1636 2308 1652 2330 l.
1674 2307 1690 2329 1.
1713 2305 1760 2329 312
1784 2306 1818 2327 Gt.

200 2355 307 2377 Antonio
327 2357 348 2377 el
368 2354 405 2377 Fl.
426 2353 529 2383 Syayrio
547 2360 624 2377 conss.
663 2354 796 2376 Memmius
817 2353 979 2381 Symmachus
1004 2356 1104 2382 putasse
1125 2352 1237 2379 videtur,
1264 2359 1322 2374 eum
1343 2351 1485 2379 Syagrium,
1515 2350 1543 2372 ad
1563 2357 1637 2379 quem
1657 2352 1726 2378 pater
1745 2348 1822 2378 scrip-

202 2400 275 2423 serat,
297 2397 420 2419 consulem
440 2403 495 2419 cum
510 2397 616 2419 Antonio
637 2397 729 2426 1‘uisse3
751 2403 807 2418 nani
827 2396 947 2425 quomodo
967 2396 992 2418 in
1013 2396 1073 2417 libro
1093 2396 1164 2418 tertio
1184 2395 1308 2424 epistulae
1327 2394 1355 2416 ad
1370 2394 1505 2416 Timasium
1520 2396 1544 2415 et
1558 2393 1698 2415 Promotum
1712 2391 1824 2414 consules

200 2448 222 2463 a.
244 2438 292 2462 389
317 2440 387 2461 iuxta
411 2439 574 2467 collocantur,
602 2440 636 2461 ita
661 2440 685 2461 in
711 2440 790 2468 primo
815 2439 845 2461 ad
864 2439 1003 2461 Antonium
1029 2442 1053 2461 et
1073 2439 1200 2466 Syagrium
1220 2438 1336 2466 scriptae.
1375 2436 1417 2459 sed
1437 2437 1519 2466 opinio
1539 2436 1659 2463 hominis,
1687 2435 1729 2464 qui
1749 2434 1823 2456 huius

201 2483 342 2506 consulatus
361 2486 470 2512 tempore
491 2483 598 2505 nondum
619 2485 691 2505 natus
711 2485 770 2511 erat,
793 2489 841 2504 non
861 2483 943 2511 magni
963 2482 1081 2503 momenti
1100 2484 1146 2504 est.

287 2525 345 2553 519)
367 2525 446 2555 Epist.
474 2525 485 2547 I
505 2525 518 2548 7
549 2525 682 2548 Tonantius
707 2526 833 2548 Ferreolus
854 2524 1032 2554 praefectorius
1057 2524 1159 2552 Afranii
1182 2523 1280 2553 Syayrii
1306 2522 1411 2545 consulis
1435 2529 1445 2544 e
1471 2522 1522 2551 filia
1546 2528 1628 2550 nepos.
1668 2521 1715 2543 VII
1738 2520 1766 2543 12
1793 2520 1821 2541 ad

201 2569 342 2591 Ferreolum
363 2568 467 2597 scripta:
491 2569 545 2590 isset
562 2575 604 2597 per
623 2570 702 2591 avitas
722 2568 764 2591 libi
782 2569 853 2591 stilus
871 2570 953 2591 noster
971 2568 1077 2595 curules,
1097 2568 1214 2596 patricias
1232 2566 1308 2588 nihiLO
1327 2566 1409 2587 minus
1430 2565 1524 2593 infulas
1543 2566 1746 2589 enumeraturus;
1774 2570 1823 2585 non

201 2612 315 2634 tacuisset
334 2611 439 2640 triplices
456 2609 626 2639 praefecturas
645 2613 666 2633 et
686 2611 789 2640 Syayrio
810 2613 849 2633 luo
867 2617 911 2639 pro
931 2612 1018 2633 totiens
1036 2611 1135 2632 mutatis
1154 2609 1314 2638 praeconibus
1331 2609 1464 2637 praeconia
1483 2614 1533 2629 non
1551 2609 1670 2635 neyasset.

290 2653 346 2682 520)
370 2653 486 2675 Titianus
505 2659 549 2682 per
568 2653 697 2682 Syagrium
716 2654 822 2676 vicarius
842 2654 940 2676 Africae
961 2654 1040 2676 factus
1060 2656 1098 2675 est
1119 2652 1157 2679 Π,
1178 2652 1206 2681 13
1228 2653 1257 2674 ab
1277 2652 1360 2674 eodem
1381 2652 1463 2679 sperat
1484 2650 1635 2678 Alexander,
1658 2652 1686 2671 ut
1705 2649 1750 2671 sibi
1771 2655 1826 2676 pro-

200 2698 307 2720 vinciam
328 2695 493 2726 praesidalem
514 2702 568 2718 cum
588 2697 709 2719 consulari
729 2700 771 2719 aut
791 2697 931 2719 correctoria
951 2699 1090 2725 permutare
1110 2695 1238 2725 permittat
1258 2694 1308 2723 (42,
1329 2693 1357 2716 12
1378 2692 1517 2716 Alerander
1535 2695 1573 2715 vir
1591 2693 1761 2715 ornatissimus
1774 2697 1825 2713 sor-

199 2742 257 2763 titus
274 2740 428 2769 prouinciam
446 2738 609 2767 praesidalem
626 2742 698 2768 putat
717 2739 800 2762 honori
819 2747 862 2762 suo
881 2740 1029 2762 incrementa
1048 2739 1181 2768 praestari,
1209 2739 1229 2760 si
1248 2739 1289 2759 tuo
1309 2743 1389 2759 amore
1406 2736 1534 2764 potiatur).
1574 2736 1678 2758 liberum
1698 2735 1774 2762 igitur
1794 2734 1822 2755 de

203 2783 316 2806 omnibus
340 2782 519 2812 provinciarum
539 2781 663 2804 iudicibus
681 2783 811 2805 arbitrium
830 2783 933 2811 habuit,
961 2782 1024 2811 quod
1046 2782 1094 2804 nisi
1114 2781 1245 2811 praefectis
1265 2780 1386 2809 praetorio
1406 2786 1453 2801 non
1473 2779 1634 2807 competebat.
1675 2778 1704 2799 de
1725 2776 1825 2799 Sidonio

206 2834 229 2850 v.
251 2826 432 2849 adnotationem
452 2825 651 2854 praecedentem.
