2147 3046
199 877 224 895 111

198 1245 226 1263 15

198 1534 226 1553 20

192 1886 221 1905 25»

194 2195 222 2213 31)

946 164 1058 190 LIBER
1077 164 1097 189 Ι.
1119 163 1154 189 ΙΙ.
1828 164 1860 193 13

242 271 344 292 sermo
378 261 516 301 parcior,
553 260 632 290 fides
663 259 762 289 maior
791 262 848 289 est.
897 258 973 297 1111111
1005 258 1087 288 enini
1120 257 1395 293 1111’;11111(11111;·(>1·(1
1422 257 1540 288 verbis,
1577 267 1646 287 eum
1679 266 1742 286 reni
1769 256 1862 286 liceat
1888 256 1997 284 PVM

242 312 402 353 experiri?
425 311 465 342 sit
486 311 583 351 igitur
606 311 646 342 de
671 311 729 341 hoe
751 313 806 341 tua
829 309 1031 347 existimatio,
1058 309 1111 349 qui
1136 309 1287 339 bonarum
1310 307 1423 338 artium
1441 311 1598 347 spectator
1615 317 1740 347 semper
1757 307 1859 341 fuisti:

243 373 302 403 ego
326 363 483 394 Lucillum
506 361 679 393 modestiae
703 371 812 392 merae
836 364 930 400 atque
954 360 1130 391 honestatis
1153 359 1342 399 adstipulor.
1391 358 1556 389 videturne
1574 358 1629 389 tibi
1647 358 1762 396 dignus
1779 368 1859 396 esse⁷

242 425 335 454 quem
359 414 486 454 diligas,
514 413 602 445 euius
626 412 768 453 gravitas
793 421 944 452 sponsore
968 421 1018 442 me
1042 411 1160 450 nititur,
1188 420 1239 441 ars
1263 413 1294 441 et
1317 408 1451 440 eruditio
1474 412 1504 440 te
1528 409 1631 450 ipsum
1648 409 1784 440 iudicem
1802 419 1862 439 non

244 467 391 497 veretur?
434 465 518 496 vale.

906 607 953 638 III
989 610 1062 638 ante
1079 617 1108 637 a.
1129 608 1200 636 395.

707 676 823 707 sYMM
830 675 967 707 ACHVS
996 674 1211 705 FLAVIANO
1235 674 1373 704 FRATR
1381 674 1402 704 l.
1892 674 1920 702 P
1928 674 1938 701 1
1947 673 1990 701 'F

333 764 477 794 Fratrum
509 762 637 801 negotia
667 762 751 793 velle
783 770 974 801 cognoscere
1004 760 1058 801 pia
1089 763 1120 791 et
1150 760 1283 790 honesta
1313 759 1432 789 curatio
1463 762 1521 789 est.
1571 758 1673 789 libens
1698 759 1794 798 igitur
1817 769 1867 789 re-

245 814 407 855 spondebo
430 813 595 853 quaesitis.
638 813 750 844 Coram
774 813 872 843 multo
895 812 995 842 imbre
1019 811 1232 852 pervenimus.
1275 811 1325 841 hic
1349 809 1485 841 triduum
1510 810 1682 841 eonmorati
1699 810 1740 841 ad
1757 810 1867 841 levan—

245 866 320 897 dum
344 865 483 896 laborem
508 864 711 896 Terracinam
736 864 822 904 prius
846 866 877 894 et
900 862 1052 903 postridie
1070 862 1212 893 Formias
1236 862 1416 892 continuato
1441 865 1585 902 petemus
1609 871 1754 892 excursu.
1802 861 1865 891 fors

245 917 322 953 fuat,
349 927 390 947 an
414 916 514 957 possit
536 916 632 947 biduo
656 919 748 946 tenus
772 914 915 945 eiusdem
939 924 995 944 nos
1020 913 1143 953 praedii
1166 923 1292 944 annona
1315 913 1461 943 retinere.
1512 922 1567 943 vos
1587 912 1709 943 interca
1724 915 1860 952 peraeto,

244 967 326 1008 quod
350 968 467 998 Romae
491 977 587 1007 agere
611 966 806 1005 destinastis,
834 966 971 1006 Appiam
996 965 1056 995 diis
1080 965 1265 1006 auspicibus
1288 964 1435 995 inchoate
1460 974 1498 995 ea
1518 963 1724 1002 dimensione,
1752 966 1785 994 ut
1808 963 1866 994 iter

245 1023 384 1051 nostrum
408 1018 559 1059 proximis
582 1018 726 1058 vestigiis
751 1017 923 1057 urgueatiS.
972 1016 1054 1048 vale.

943 1162 1007 1193 ΠΙΙ
1038 1171 1067 1192 a.
1089 1162 1162 1192 383.

708 1231 966 1263 SYMMACHVS
993 1230 1209 1262 FLAVIANO
1234 1230 1400 1261 FRATRI.
1888 1228 1999 1257 PVM

332 1319 410 1350 Volo
433 1318 579 1358 quiescas
604 1321 634 1349 et
657 1328 803 1349 curarum
827 1326 946 1348 vacuus
976 1316 1093 1348 otieris.
1143 1327 1215 1347 nam
1246 1315 1322 1346 mihi
1354 1315 1401 1346 vir
1431 1315 1583 1346 honestus
1607 1314 1762 1345 Antonius
1793 1314 1868 1345 feeit

246 1370 416 1409 indicium,
451 1369 621 1409 legationis
650 1369 821 1400 Africanae
854 1368 1019 1399 consilium
1050 1368 1220 1408 torpuisse.
1269 1367 1404 1398 accessit
1434 1366 1475 1397 ad
1506 1366 1599 1397 fidem
1630 1366 1747 1402 nuntii,
1783 1365 1867 1405 quod

247 1422 324 1453 nihil
348 1421 388 1452 ad
413 1431 462 1452 me
486 1430 581 1461 super
602 1420 661 1451 hoc
685 1420 811 1460 negotio
836 1423 980 1451 recentes
1005 1420 1175 1450 amicorum
1201 1419 1324 1450 litterae
1342 1419 1548 1459 pertulerunt.
1596 1428 1669 1448 num
1694 1421 1741 1448 est
1764 1416 1861 1454 aliud,

247 1473 331 1513 quod
355 1473 436 1504 scire
460 1472 622 1513 postules?
648 1471 742 1502 immo
767 1482 849 1504 vero.
878 1475 911 1502 ut
935 1482 1006 1503 mea
1029 1471 1090 1502 fert
1112 1471 1228 1511 opinio.
1256 1471 1306 1501 vel
1330 1470 1464 1511 primum
1490 1470 1548 1500 hoc
1570 1469 1628 1500 tibi
1652 1468 1762 1499 debuit
1784 1468 1868 1499 indi-

248 1524 323 1556 cari.
370 1523 423 1555 ubi
447 1534 464 1554 e
488 1524 629 1554 Cumano
654 1533 767 1554 navem
792 1523 944 1554 solvimus
968 1533 1069 1563 paene
1093 1523 1220 1553 albente
1245 1522 1344 1559 eaelo,
1372 1521 1489 1552 maiore
1514 1531 1572 1561 ope
1593 1520 1746 1560 remigum
1770 1530 1865 1559 quam

248 1579 411 1607 ventorum
435 1574 541 1605 favore
558 1573 759 1605 Formianum
784 1575 858 1605 litus
882 1574 1019 1606 accessi:
1049 1574 1110 1604 iam
1136 1574 1181 1604 sol
1206 1573 1369 1604 meridiem
1388 1573 1535 1612 fregerat.
1578 1571 1759 1602 amicorum.
1787 1580 1865 1610 quos

248 1627 349 1657 minor
372 1626 462 1657 navis
486 1626 623 1666 aceepit,
655 1626 773 1656 tardior
796 1626 957 1665 navigatio
982 1626 1054 1656 fuit.
1082 1625 1236 1656 incertum
1261 1628 1353 1655 vento
1377 1625 1523 1655 obstante
1546 1634 1586 1654 an
1610 1633 1666 1663 per
1689 1623 1865 1663 neglegen-

246 1679 321 1710 tiam
353 1678 575 1708 ministrorum.
624 1677 703 1708 haec
734 1677 857 1708 interim
890 1677 968 1707 ratio
999 1676 1166 1707 scribenda
1196 1676 1368 1716 suggessit.
1417 1676 1551 1714 curabo,
1586 1678 1619 1706 ut
1646 1674 1865 1714 frequentibus

245 1730 358 1761 litteris
381 1739 504 1760 merear
528 1728 567 1759 de
591 1732 621 1760 te
646 1728 758 1760 similis
783 1729 878 1760 officii
904 1728 1116 1769 diligentiam.

1889 1519 1907 1547 10

962 1875 988 1905 V
1020 1884 1049 1905 a.
1071 1875 1144 1904 383.

707 1943 965 1974 sYMMACHvs
997 1942 1212 1973 FLAVIANO
1237 1942 1402 1972 FRATRI.

330 2029 435 2061 Delati
461 2029 603 2060 Formias
627 2032 698 2070 post
721 2030 852 2060 multam
877 2032 997 2069 partem
1022 2029 1103 2067 diei,
1139 2038 1208 2059 eum
1233 2038 1288 2059 vos
1312 2028 1381 2059 eius
1406 2027 1450 2058 rei
1474 2027 1626 2058 sollicitos
1650 2027 1860 2065 crederemus,

244 2081 511 2122 percontationem
535 2084 673 2112 vestram
698 2080 867 2121 scriptione
892 2080 1133 2121 praevertimus.
1183 2090 1241 2111 nec
1264 2089 1320 2110 vos
1343 2079 1445 2118 magis
1470 2079 1509 2109 de
1534 2078 1735 2117 navigatione
1759 2077 1864 2108 fuistis

243 2133 345 2168 anxii,
377 2143 471 2172 quam
495 2132 732 2172 trepidabamus
756 2141 829 2169 nos,
866 2142 905 2162 ne
936 2131 989 2162 diu
1015 2131 1128 2162 essetis
1152 2131 1273 2162 incerti.
1322 2131 1406 2170 quod
1430 2130 1525 2170 igitur
1549 2129 1732 2169 responderi
1758 2132 1865 2169 posset

243 2184 355 2215 litteris
378 2183 502 2223 vestris,
529 2183 614 2224 pn'or
637 2193 739 2214 sermo
764 2183 969 2224 consumpsit.
1018 2193 1100 2213 nune
1123 2183 1299 2215 aestimate.
1328 2185 1445 2221 quanto
1470 2184 1576 2211 nostra
1593 2180 1631 2211 de
1649 2180 1738 2210 vobis
1754 2180 1865 2211 melior

244 2235 337 2266 fuerit
367 2234 516 2266 iudicatio
545 2245 640 2274 quain
672 2238 778 2265 vestra
807 2234 846 2265 de
877 2234 977 2265 nobis.
1027 2234 1231 2275 contemplati
1258 2233 1341 2264 enim
1367 2242 1475 2263 sumus
1499 2231 1750 2271 magnitudinem
1775 2231 1863 2261 solli-

242 2286 389 2318 citudinis
413 2290 549 2319 vestrae.
576 2286 760 2327 priusquam
785 2286 906 2316 litteras
931 2285 1109 2323 mitteretis,
1137 2295 1209 2316 cum
1233 2295 1290 2315 vos
1314 2294 1369 2315 cas
1388 2283 1461 2315 ideo
1479 2283 1639 2315 miseritis.
1666 2283 1741 2323 quia
1765 2282 1863 2323 serip-

242 2341 327 2369 turos
350 2347 406 2368 nos
430 2337 491 2368 nisi
514 2337 691 2368 admonitos
715 2347 776 2368 non
800 2337 946 2378 putastis.
996 2337 1078 2368 vale.

331 2501 345 2522 :3
366 2499 457 2532 merae]
479 2501 581 2524 Iurelus.
604 2508 669 2523 meae
690 2501 734 2522 ΡΥ
870 2501 882 2523 »1
904 2508 1044 2530 sponsorem
1064 2502 1169 2523 enititur
1190 2501 1210 2522 P
1226 2503 1235 2522 l
1250 2508 1282 2522 m.
1304 2500 1358 2527 l'M,
1380 2506 1520 2529 sponsorem
1542 2499 1631 2520 nititur
1652 2498 1725 2527 sssf),
1748 2505 1863 2527 sponsore

246 2551 283 2566 ine
302 2544 407 2566 enititur
427 2543 447 2564 P
460 2545 474 2564 2’
486 2551 518 2566 m.

331 2585 343 2607 7
364 2592 411 2607 om.
433 2585 472 2607 VF
575 2586 589 2609 S
609 2587 648 2615 pia
667 2589 691 2608 et
713 2591 734 2614 (a
754 2590 778 2608 et
797 2588 823 2609 in
836 2588 896 2613 ras.)
921 2586 941 2608 1'
1044 2588 1058 2609 9
1078 2593 1140 2616 quae
1160 2587 1219 2609 satis
1240 2586 1261 2609 P
1274 2589 1284 2608 I
1300 2594 1333 2608 111,
1423 2583 1521 2615 Coram]
1540 2591 1592 2612 eye,
1612 2592 1713 2613 capuam
1737 2584 1815 2611 PVF;
1836 2584 1863 2606 de

245 2628 444 2658 Symrnnchorum
461 2628 561 2657 praedio
577 2629 672 2652 Corano
691 2630 723 2658 cf.
742 2630 753 2651 Ι
766 2633 796 2655 ἃς
824 2630 896 2651 1'1111
1008 2629 1035 2652 10
1056 2630 1192 2658 petiuimus
1212 2629 1233 2651 P
1245 2630 1260 2651 i!
1272 2636 1304 2651 ni.
1416 2628 1439 2650 11
1465 2628 1514 2649 fuit
1533 2627 1558 2655 V,
1581 2628 1621 2649 ilat
1638 2627 1659 2649 F
1762 2629 1830 2656 parto
1845 2627 1866 2648 F

333 2671 361 2694 15
382 2678 428 2694 om.
449 2671 497 2693 VM
618 2671 647 2695 16
667 2673 749 2694 ociens
773 2672 791 2694 V
912 2672 943 2695 20
963 2673 1091 2701 remigium
1116 2672 1135 2694 V
1256 2671 1285 2694 21
1305 2672 1477 2701 praetulerim:
1506 2670 1662 2692 Formianum
1681 2670 1741 2692 litus
1760 2670 1860 2697 accessi,

244 2721 299 2736 eum
319 2714 353 2736 sol
373 2714 501 2737 meridiem
520 2717 647 2744 peregerat
752 2714 783 2737 24
803 2715 858 2737 uale
877 2714 934 2737 add.
956 2714 1003 2737 VM

330 2756 361 2779 26
381 2764 427 2779 om.
448 2756 495 2779 VM
597 2756 629 2780 28
648 2758 831 2787 praeuereimus
853 2758 877 2787 V,
899 2759 1060 2787 preireninuis
1076 2757 1101 2779 M
1206 2758 1237 2780 29
1257 2764 1299 2779 nos
1313 2757 1496 2786 trepidabamus
1512 2756 1531 2777 P
1636 2762 1665 2777 ne
1682 2755 1816 2777 diuersetis
1834 2754 1860 2782 V,

245 2806 275 2823 ne
295 2800 422 2823 diuersum
441 2801 532 2824 iremus
553 2799 579 2824 M
682 2800 713 2823 32
733 2808 779 2831 qua
800 2801 821 2822 P
835 2803 844 2823 1
859 2809 891 2824 m.
1000 2800 1031 2823 33
1051 2802 1144 2830 putatis
1170 2800 1215 2823 VM

1619 2848 1656 2871 64
