2147 3046
307 185 409 216 CVIII
827 182 1090 210 CHRONOLOGIA
1111 181 1397 209 SYMMACHIANA.

307 299 477 335 antequam
501 306 530 326 a.
552 296 612 325 369
629 295 660 326 in
678 295 802 326 Gallias
826 295 1087 336 proficisceretur.
1128 294 1235 334 itaque
1259 303 1369 324 omnes
1393 293 1434 324 ad
1457 293 1546 324 illum
1572 292 1727 333 epistulas
1750 295 1821 332 post
1843 291 1926 322 hunc

308 365 425 386 annum
451 355 584 396 scriptas
608 364 679 386 esse
703 355 860 386 existimo.
909 365 938 385 v.
966 365 996 396 p.
1024 354 1174 384 LXXIX.

395 417 431 445 77
458 426 488 446 v.
515 415 557 446 ad
580 415 671 456 epist.
700 416 750 445 75.

395 476 434 505 78
458 474 499 506 ad
523 475 696 506 orationem
721 484 777 515 pro
801 474 952 515 Trygetio
976 474 1117 504 habitam
1141 472 1172 503 d.
1200 474 1218 502 9
1242 473 1312 503 Ian.
1338 483 1368 504 a.
1395 474 1455 504 376
1480 472 1628 513 pertinet.
1676 481 1706 501 v.
1733 481 1764 512 p.
1791 471 1845 502 VI.

396 536 435 564 79
459 534 635 576 Hesperius
659 534 839 576 praefectus
863 533 1019 575 praetorio
1044 543 1072 563 a.
1101 533 1281 563 377-380.

396 596 520 625 80—82
544 605 574 625 v.
601 594 642 626 ad
666 594 759 635 epist.
787 595 837 624 76.

395 656 434 686 83
459 654 575 695 scripta
598 654 695 696 paulo
718 658 789 695 post
812 657 942 685 mortem
967 652 1087 684 Celsini
1110 651 1229 683 Titiani
1253 662 1336 683 anno
1361 653 1421 683 380
1446 655 1593 684 exeunte.
1642 662 1673 682 v.
1700 662 1732 692 p.
1759 651 1839 683 CVI.

395 716 432 745 84
458 725 487 745 v.
515 714 557 745 ad
580 714 674 755 epist.
702 716 752 745 76.

395 776 433 805 85
459 785 588 815 gravem
606 773 789 815 Symmachi
805 773 949 804 morbum
966 775 1198 809 commemorat,
1218 771 1303 811 quod
1319 781 1349 802 a.
1369 773 1429 803 375
1446 771 1588 803 indicare
1605 771 1740 802 videtur.
1775 781 1805 801 v.
1828 771 1876 808 13,
1896 771 1925 800 6.

396 836 521 865 86-88
546 845 576 865 v.
603 834 643 865 ad
667 834 760 875 epist.
788 835 840 863 76.

839 1038 855 1077 I
883 1038 1022 1077 89j93
1055 1037 1117 1077 AD
1146 1036 1397 1077 ANTONIVM.

395 1136 441 1167 De
466 1134 594 1166 Claudii
617 1133 746 1165 Antonii
757 1134 805 1172 507)
842 1132 966 1164 familia
989 1131 1068 1163 nihil
1093 1131 1248 1173 comperi,
1282 1131 1343 1163 nisi
1372 1131 1458 1171 quod
1489 1131 1618 1163 fratrem
1641 1131 1774 1162 Marium
1805 1131 1928 1166 habuit,

307 1195 360 1236 qni
384 1195 578 1236 provinciam
603 1194 743 1234 aliquam
768 1193 982 1224 suburbanam
1000 1192 1191 1232 gubernavit
1201 1194 1267 1231 ⁵⁰⁵).
1315 1191 1437 1233 primus
1454 1191 1668 1232 magistratus,
1696 1201 1789 1231 quem
1806 1191 1845 1222 ab
1862 1191 1932 1232 ipso

308 1259 433 1295 gestum
458 1264 529 1287 esse
554 1254 681 1293 scimus⁷
709 1253 929 1294 magisterium
954 1252 1063 1284 scrinii
1087 1252 1222 1283 alicuius
1246 1255 1324 1291 erat⁷
1353 1251 1392 1283 de
1409 1262 1470 1292 quo
1487 1262 1572 1283 more
1588 1261 1624 1283 eo
1641 1251 1768 1283 saeculo
1786 1250 1932 1282 sollemni

309 1315 349 1346 ad
373 1318 577 1355 quaesturam
602 1314 684 1346 sacri
708 1313 820 1355 palatii
843 1312 998 1354 processit
1008 1314 1073 1352 5⁴³⁹).
1121 1311 1161 1343 de
1184 1315 1325 1352 tempore
1349 1311 1476 1342 honoris
1500 1311 1561 1343 nisi
1585 1321 1625 1343 ex
1649 1311 1834 1352 Symmachi
1864 1310 1931 1351 epi-

310 1376 393 1407 stula
417 1376 431 1406 I
456 1376 495 1406 89
520 1385 581 1407 non
606 1377 743 1406 constat:
779 1383 860 1413 quae
884 1383 955 1404 cum
980 1372 1018 1403 de
1043 1372 1184 1403 oratione
1208 1371 1360 1412 principis
1384 1371 1424 1402 ab
1448 1371 1583 1403 Antonio
1608 1371 1725 1412 scripta
1748 1381 1787 1402 ea
1810 1370 1931 1402 ratione

308 1435 442 1473 iudicet,
478 1445 560 1476 quae
590 1434 697 1466 iuveni
728 1433 848 1465 nullius
878 1432 1074 1464 auctoritatis
1105 1442 1216 1473 parum
1247 1431 1429 1467 conveniat,
1464 1431 1622 1462 hominem
1646 1431 1841 1471 aliquantam
1866 1431 1933 1462 elo—

310 1495 459 1536 quentiae
483 1495 617 1535 gloriam
642 1494 704 1525 iam
729 1497 934 1525 consecutum
959 1492 1074 1533 prodit.
1122 1491 1234 1523 incidit
1256 1491 1354 1532 igitur
1370 1491 1401 1522 in
1419 1491 1530 1523 ultima
1545 1490 1761 1522 Valentiniani
1777 1494 1929 1532 tempora,

310 1566 382 1586 nam
412 1566 451 1586 ne
483 1555 615 1586 ulterius
646 1554 873 1596 procedamus,
913 1552 1041 1584 Antonii
1073 1551 1274 1593 praefectura
1309 1551 1383 1582 inde
1418 1551 1458 1582 ab
1488 1561 1518 1581 a.
1553 1553 1614 1582 376
1649 1554 1741 1591 gesta
1775 1550 1931 1591 prohibet.

310 1619 494 1656 quaestores
517 1618 634 1653 autem⁷
662 1615 714 1654 qui
738 1617 865 1654 praeter
888 1613 977 1644 illum
1001 1613 1033 1643 in
1049 1611 1264 1643 Valentiniani
1289 1611 1364 1642 aula
1388 1611 1523 1642 fuerunt.
1553 1611 1697 1642 novimus
1714 1611 1788 1642 hos:
1816 1611 1934 1642 Viven-

309 1676 386 1707 tium
410 1686 492 1707 anno
517 1676 577 1705 365
608 1678 662 1705 aut
687 1676 747 1705 366
777 1673 818 1704 ad
848 1672 1078 1714 praefecturam
1109 1672 1179 1703 urbi
1208 1672 1459 1712 promotum-5¹⁰).
1494 1671 1706 1712 Eupraxium7
1740 1670 1794 1711 qui
1825 1679 1933 1702 mense

310 1736 454 1776 Augusto
478 1746 508 1767 a.
536 1737 596 1765 367
629 1745 669 1766 ex
699 1734 852 1774 magistro
884 1732 1054 1764 memmiae
1084 1735 1234 1772 quaestor
1264 1731 1366 1762 faetus
1389 1732 1496 1770 est⁵¹¹j>
1526 1730 1810 1771 magistratumque
1834 1740 1934 1770 usque

311 1796 352 1827 ad
375 1806 404 1826 a.
426 1797 486 1826 370
511 1798 542 1827 et
566 1795 700 1826 fortasse
725 1793 850 1834 longius
874 1792 1077 1831 retinuit⁵¹2„
1105 1791 1281 1823 Ausonium
1306 1791 1389 1822 circa
1406 1790 1623 1822 Valentiniani
1647 1793 1779 1821 mortem
1797 1792 1837 1829 (a.
1858 1791 1928 1831 375)

398 1926 455 1955 507)
478 1926 556 1954 Rossi,
579 1926 657 1949 Inscr.
673 1925 756 1947 christ.
773 1925 827 1947 urb.
845 1924 913 1946 Rom.
936 1922 984 1946 312
1006 1923 1043 1946 Cl,
1061 1922 1168 1945 Antonio
1181 1924 1204 1944 et
1219 1922 1256 1944 Fz.
1273 1921 1376 1950 Syayrio
1390 1928 1468 1943 consa.
1508 1919 1556 1943 :518
1578 1920 1613 1944 Cz.
1630 1921 1736 1943 Antonio
1755 1922 1775 1942 et
1791 1938 1932 1944 .......

397 1968 454 1997 508)
477 1969 568 1997 Symm.
590 1969 600 1991 1
620 1968 662 1991 90.
690 1967 822 1990 Themistii
841 1967 1013 1989 testimonium
1036 1966 1142 1998 (χαριςτ,
1165 1973 1188 1994 p.
1206 1962 1290 1993 20:31¹),
1312 1964 1475 1987 Saturninum
1495 1965 1520 1986 in
1540 1964 1671 1986 consulatu
1693 1964 1723 1991 (a.
1740 1962 1798 1991 383)
1821 1970 1934 1992 praeees-

312 2013 373 2035 sisse
400 2012 530 2035 Theodosii
556 2011 664 2039 Augusti
689 2013 804 2039 patruum
829 2012 853 2032 et
880 2009 986 2032 adfinem
1015 2008 1062 2037 (ro-a
1082 2005 1258 2041 mrpviflekeou
1279 2005 1345 2039 λέγω
1364 2006 1406 2030 καὶ
1424 2006 1466 2030 τὸν
1486 2004 1637 2039 κηδεστήν),
1666 2007 1813 2036 plerumque
1833 2006 1863 2028 de
1883 2006 1935 2028 Eu-

311 2055 392 2078 cherio
413 2056 471 2084 (cos.
494 2054 551 2083 381)
575 2058 599 2077 et
618 2054 725 2076 Antonio
746 2056 826 2075 nostro
850 2053 906 2081 (cos.
930 2052 987 2081 382)
1010 2052 1087 2081 accipi
1108 2052 1183 2080 solet7
1205 2054 1230 2074 et
1250 2051 1279 2073 *le
1300 2051 1340 2073 illo
1360 2050 1460 2079 quidem
1480 2052 1560 2079 recte7
1583 2049 1625 2072 sed
1644 2056 1687 2079 pro
1706 2049 1814 2072 Antonio
1834 2049 1934 2071 Flavius

311 2097 426 2126 Syagrius
451 2098 542 2126 collega
566 2098 620 2120 eius
646 2097 757 2125 intellegi
781 2096 853 2118 debet
876 2096 915 2125 (cf.
938 2095 1008 2118 Rossi
1027 2095 1043 2118 1.
1066 2095 1105 2121 1.),
1145 2102 1201 2117 nam
1227 2095 1268 2123 qui
1295 2094 1451 2117 consulatum
1471 2093 1639 2122 accipiebant,
1668 2092 1780 2115 homines
1799 2095 1843 2115 aut
1861 2092 1934 2115 rebus

311 2141 387 2170 gestis
413 2141 470 2163 clari
496 2144 539 2163 aut
558 2147 654 2163 summa
674 2140 803 2162 nobilitate
823 2139 948 2168 conspicui
969 2145 1023 2161 esse
1043 2138 1169 2167 solebant⁷
1196 2140 1271 2167 atque
1292 2137 1415 2159 Antonius
1435 2138 1483 2159 iam
1502 2136 1667 2165 amplissimos
1686 2135 1843 2163 magistratus
1863 2135 1933 2163 duos,

311 2186 468 2214 quaesturam
488 2186 512 2206 et
532 2184 711 2212 praefecturam
731 2183 865 2212 praetorio,
891 2184 1014 2211 gesserat,
1043 2188 1098 2203 cum
1118 2182 1195 2203 fasces
1215 2182 1340 2209 sumeret,
1365 2182 1390 2202 at
1410 2182 1493 2202 contra
1512 2178 1630 2208 syagrius
1650 2178 1715 2200 ultra
1733 2178 1934 2208 proconsulatum

312 2227 410 2250 Africae
429 2226 626 2249 adulescentulis
645 2232 833 2255 nonnumquam
853 2225 1011 2248 commissum
1030 2230 1174 2254 progressus
1195 2230 1241 2246 non
1262 2226 1320 2246 erat.
1361 2223 1430 2245 nullo
1455 2222 1531 2251 igitur
1550 2221 1597 2243 alio
1616 2221 1690 2243 titulo
1709 2228 1781 2250 quam
1801 2222 1844 2243 aut
1863 2222 1934 2243 nata-

312 2270 373 2292 lium
399 2272 441 2292 aut
465 2269 601 2291 adfinitatis
626 2268 755 2298 splendore
779 2270 846 2291 tanto
870 2268 960 2290 honore
981 2268 1071 2297 dignus
1091 2267 1169 2290 videri
1188 2267 1284 2296 potuit,
1313 2266 1377 2295 quod
1396 2272 1470 2295 quarn
1490 2265 1553 2287 bene
1574 2264 1637 2293 patri
1656 2267 1698 2286 aut
1717 2264 1787 2286 fratri
1807 2263 1934 2286 Flaccillae

311 2313 439 2342 Augustae
463 2313 607 2342 conveniat,
634 2318 704 2335 nemo
729 2311 838 2341 profecto
863 2318 911 2333 non
930 2311 1006 2334 videt.
1046 2310 1153 2338 accedit,
1182 2309 1246 2339 quod
1266 2316 1320 2332 curn
1341 2309 1494 2331 Theodosius
1514 2310 1537 2330 et
1557 2306 1690 2329 Gratianus
1709 2306 1805 2335 singuli
1824 2305 1934 2334 singulos

312 2356 427 2379 consules
446 2356 579 2385 quotannis
599 2356 768 2383 nominarent,
791 2355 896 2377 adfinem
916 2354 944 2376 ab
965 2354 1040 2376 adfini
1060 2356 1195 2383 promotum
1216 2359 1271 2375 esse
1291 2355 1316 2375 et
1335 2353 1359 2375 in
1379 2352 1491 2381 partibus
1510 2350 1609 2379 imperii
1628 2349 1687 2372 huie
1707 2349 1824 2379 creditis,
1845 2349 1934 2372 Orien-

312 2399 403 2422 talibus
423 2398 554 2428 videlicet,
583 2398 693 2420 trabeam
713 2397 863 2427 sumpsisse,
885 2400 910 2419 et
928 2403 972 2426 per
992 2404 1017 2420 se
1037 2397 1087 2419 veri
1108 2396 1263 2418 simillimum
1283 2398 1321 2418 est
1340 2398 1364 2417 et
1383 2402 1396 2417 a
1415 2393 1551 2417 Themistio
1571 2393 1741 2422 confirmatur;
1768 2395 1791 2415 at
1810 2392 1934 2415 Antonius

313 2444 392 2464 totum
418 2441 538 2464 honorum
558 2448 657 2463 cursum
677 2441 702 2462 in
722 2441 777 2463 aula
796 2440 924 2463 Gallicana
942 2441 1037 2470 peregit
1056 2446 1136 2469 neque
1157 2440 1186 2462 ab
1206 2439 1254 2461 alio
1273 2439 1433 2467 imperatore,
1461 2443 1534 2467 quam
1553 2437 1624 2458 cuius
1642 2436 1763 2465 praetorio
1782 2436 1933 2464 praefuerat,

313 2492 435 2508 summum
456 2485 565 2507 laborum
586 2484 722 2514 praemium
742 2484 867 2513 accepisse
887 2483 1023 2506 credendus
1043 2486 1088 2505 est.
1128 2483 1160 2505 cf.
1182 2488 1244 2511 qnae
1265 2488 1320 2503 mox
1339 2481 1368 2503 de
1388 2480 1484 2502 duobus
1504 2479 1610 2508 Syagriis
1629 2479 1719 2502 dicturi
1740 2485 1834 2502 sumus.

400 2527 456 2555 509}
480 2528 520 2553 36,
545 2526 574 2550 19
593 2534 643 2549 non
663 2528 784 2555 incoyriito
803 2526 900 2556 quidem
918 2526 985 2548 nobis
1005 2526 1091 2555 eloquii
1110 2524 1235 2554 splendore
1254 2525 1358 2553 nituisti,
1379 2522 1420 2545 sed
1438 2523 1534 2551 magmis
1552 2522 1621 2545 rebus
1639 2521 1822 2544 adcommodam
1841 2523 1862 2544 el
1880 2528 1934 2544 ma-

312 2572 404 2593 iestatis
428 2572 523 2600 scriptis
548 2573 658 2599 aptatam
682 2571 799 2598 μίονίαηι,
827 2576 900 2598 quam
925 2570 1063 2597 mayisterio
1087 2571 1144 2591 <inte
1164 2569 1290 2597 quaesisti,
1318 2573 1399 2589 recens
1418 2567 1487 2588 aurit
1506 2567 1591 2588 oratio.
1631 2565 1715 2588 nullae
1734 2565 1794 2587 aliae
1813 2564 1934 2586 orationes

313 2614 453 2637 auctoribus
473 2614 619 2636 absentibus
639 2614 664 2636 in
684 2616 772 2636 senatu
791 2613 889 2635 recitari
908 2614 1043 2642 potuerunt
1062 2618 1136 2641 quam
1157 2619 1169 2633 a
1188 2610 1344 2641 principibus
1364 2610 1424 2639 ipsis
1443 2609 1583 2638 profectae.
1606 2615 1668 2637 quae
1688 2608 1798 2637 componi
1820 2607 1932 2629 solebant

313 2660 356 2680 aut
381 2665 394 2680 a
420 2657 546 2685 magistris
565 2657 710 2678 scriniorum
730 2659 773 2679 aut
792 2664 804 2678 a
824 2655 994 2685 quaestoribus
1014 2655 1076 2677 sacri
1095 2654 1189 2684 palatii.
1229 2660 1284 2676 curn
1304 2653 1381 2681 igitur
1400 2652 1524 2674 Antonius
1544 2651 1713 2680 magisterium
1733 2651 1781 2673 iam
1800 2652 1857 2672 ante
1877 2656 1934 2677 ges-

313 2701 393 2730 sisset,
415 2703 468 2722 tum
488 2702 600 2729 quaestor
620 2702 680 2722 erat.

399 2744 455 2772 510>
478 2744 558 2765 Amm.
580 2743 664 2765 XXVI
686 2742 708 2771 -1,
731 2742 762 2771 43
784 2742 882 2765 XXVII
903 2742 926 2766 3,
952 2740 995 2770 11;
1017 2741 1047 2763 de
1066 2741 1219 2770 praefectura
1238 2739 1292 2762 eius
1313 2739 1407 2761 urbana
1426 2745 1449 2761 v.
1472 2737 1555 2760 Herm.
1578 2737 1663 2760 XVIII
1684 2743 1709 2766 p.
1731 2735 1789 2758 299.

400 2786 456 2815 511)
479 2787 560 2808 Amm.
579 2786 675 2808 XXVII
696 2786 720 2810 ὅ,
744 2785 782 2808 14.

402 2828 458 2858 512)
482 2830 564 2852 Amm.
586 2829 694 2852 XXVIII
716 2828 740 2858 1,
760 2828 802 2852 25.
